%==============================================================================
%
%      Preprints
%      ---------
%
%==============================================================================

%------------------------------------------------------------------------------
%      1993
%------------------------------------------------------------------------------

@Preprint{kek-92-19,
  author =       {T.~Ishikawa \etal},
  title =        {\textsc{Grace} Manual: Automatic Generation of Tree Amplitudes in
                  Standard Models: Version~1.0},
  year =         {1993},
  report =       {KEK-92-19},
  submitdate =   {07.07.01-12:37},
  checked =      {1}
}

%------------------------------------------------------------------------------
%      1994
%------------------------------------------------------------------------------

@Preprint{desy-94-022,
  author =       {G.~Wolf},
  title =        {{HERA} Physics},
  year =         {1994},
  report =       {DESY-94-022},
  submitdate =   {30.01.02-15:11},
  checked =      {1}
}

%------------------------------------------------------------------------------
%      1995
%------------------------------------------------------------------------------

@Preprint{hep-ph-9508309,
  author =       {I.F.~Ginzburg, D.Yu.~Ivanov and V.G.~Serbo},
  title =        {Semihard Diffractive Production of Neutral Mesons by Off-Shell
                  Photons and the Range of p{QCD} Validity},
  year =         {1995},
  eprint =       {hep-ph/9508309},
  submitdate =   {27.09.01-13:38},
  checked =      {1}
}

@Preprint{hep-ph-9512295,
  author =       {G.~D'Agostini},
  title =        {Probability and Measurement Uncertainty in Physics - {A}
                  {Bayesian} Primer},
  year =         {1995},
  report =       {DESY-95-242},
  eprint =       {hep-ph/9512295},
  submitdate =   {12.02.01-11:31},
  checked =      {1}
}


%------------------------------------------------------------------------------
%      1996
%------------------------------------------------------------------------------
 
@Preprint{hep-ph-9605428,
  Author =	 {W.~Buchm\"uller and D.~Haidt},
  Title =	 {Double-Logarithmic Scaling of the Structure Function {$F_2$}
                  at Small $x$},
  Year =	 {1996},
  Report =	 {DESY-96-061},
  Institution =	 {DESY},
  Eprint =	 {hep-ph/9605428},
  Checked =	 {1}
}

@Preprint{hep-ex-9611012,
  author =       {IHEP-JINR Neutrino Detector \coll, L.S.~Barabash \etal},
  title =        {Measurement of {$xF_3$}, {$F_2$} Structure Functions and
                  {Gross--Llewellyn Smith} Sum Rule with {IHEP}-{JINR} Neutrino
                  Detector},
  year =         {1996},
  eprint =       {hep-ex/9611012},
  submitdate =   {09.11.01-17:36},
  checked =      {1}
}

%------------------------------------------------------------------------------
%      1997
%------------------------------------------------------------------------------

@Preprint{hep-ph-9706496,
  author =       {C.R.~Schmidt},
  title =        {{QCD} Phenomenology of Charm Production at {HERA}},
  eprint =       {hep-ph/9706496},
  year =         {1997},
  submitdate =   {09.07.01-21:51},
  checked =      {1}
}

@Preprint{hep-ph:9707349,
  author =       {M.~Seymour},
  title =        {Jet Phenomenology},
  year =         {1997},
  eprint =       {hep-ph/9707349},
  submitdate =   {09.08.01-17:26},
  checked =      {1}
}

@Preprint{hep-ph-9712415,
  author =       {H.~Abramowicz and A.~Levy},
  title =        {The {ALLM} Parameterization of $\sigma_{\text{tot}}(\gamma^\ast p)$: An
                  Update},
  year =         {1997},
  report =       {DESY-97-251},
  eprint =       {hep-ph/9712415},
  institution =  {DESY},
  submitdate =   {21.06.01-11:50},
  checked =      {1}
}

@Preprint{hep-ph-9710244,
  author =       {D.~Graudenz},
  title =        {DISASTER++: Version 1.0.},
  year =         {1997},
  eprint =       {hep-ph/9710244},
  submitdate =   {07.07.04-15:22},
  checked =      {2}
}

%------------------------------------------------------------------------------
%      1998
%------------------------------------------------------------------------------

@Preprint{hep-ph-9806340,
  author =       {L.~Alvero, J.C.~Collins and J.J.~Whitmore},
  title =        {Tests of Factorization in Diffractive Charm Production and
                  Double Pomeron Exchange},
  year =         {1998},
  eprint =       {hep-ph/9806340},
  submitdate =   {02.07.01-13:59},
  checked =      {1}
}

@Preprint{physics-9811046,
  author =       {G.~D'Agostini},
  title =        {Bayesian Reasoning versus Conventional Statistics in High
                  Energy Physics},
  year =         {1998},
  eprint =       {physics/9811046},
  submitdate =   {12.02.01-11:33},
  checked =      {1}
}

@Preprint{hep-ph-9812270,
  author =       {F.I.~Olness},
  title =        {Heavy Quark Production},
  eprint =       {hep-ph/9812270},
  year =         {1998},
  submitdate =   {09.07.01-22:02},
  checked =      {1}
}

@Preprint{hera-98-05,
  author =       {U.~Schneekloth (ed.)},
  title =        {The {HERA} Luminosity Upgrade},
  year =         {1998},
  report =       {HERA-98-05},
  institution =  {DESY},
  www =          {http://www.desy.de/~ahluwali/HERA-98-05/},
  submitdate =   {12.08.03-12:54},
  checked =      {2}
}

%------------------------------------------------------------------------------
%      1999
%------------------------------------------------------------------------------


@Preprint{hep-ph-9901333,
  author =       {A.~V.~Berezhnoy, V.~V.~Kiselev and A.~K.~Likhoded},
  title =        {New insight into the photoproduction of {$D^*$} mesons in {QCD}},
  year =         {1999},
  eprint =       {hep-ph/9901333},
  submitdate =   {15.01.03-03:25},
  checked =      {1}
}

@Preprint{hep-ph-9912396,
  author =       {G.~Marchesini \etal},
  title =        {\textsc{Herwig} 6.1: A Monte Carlo Event Generator for Simulating
                  Hadron Emission Reactions With Interfering Gluons},
  year =         {1999},
  report =       {Cavendish-HEP-99/17},
  eprint =       {hep-ph/9912396},
  submitdate =   {04.09.02-13:16},
  checked =      {1}
}


@Preprint{hep-ph-9905365,
  author =       {B.W.~Harris \etal},
  title =        {Heavy Quark Production in Deep-Inelastic Scattering at {HERA}},
  eprint =       {hep-ph/9905365},
  year =         {1999},
  submitdate =   {09.07.01-22:17},
  checked =      {1}
}

@Preprint{hep-ph-9906295,
  author =       {F.I.~Olness},
  title =        {Heavy Quark Production in {DIS} and Hadron Colliders},
  eprint =       {hep-ph/9906295},
  year =         {1999},
  submitdate =   {09.07.01-22:03},
  checked =      {1}
}

@Preprint{hep-ph-9909223,
  author =       {K.R.~Long, for the ZEUS and H1 \coll},
  title =        {Future $ep$ Physics: The Outlook for {HERA}},
  year =         {1999},
  eprint =       {hep-ph/9909223},
  submitdate =   {22.11.01-13:43},
  checked =      {1},
  Note =	 {Pres.\ at {\slshape 14$^{th}$ Int.\ Workshop on High Energy Physics and
                  Quantum Field Theory (QFTHEP 99)}, Moscow, Russia, 1999},
}

@Preprint{hep-ph-9911289,
  Author =	 {A.H.~Mueller},
  Title =	 {Small-$x$ Physics, High Parton Densities and Parton Saturation
                  in {QCD}},
  Year =	 {1999},
  Report =	 {CU-TP-954},
  Institution =  {Columbia Univ.},
  Eprint =	 {hep-ph/9911289},
  Note =	 {Lectures at Int.\ Summer School {\slshape Particle Production 
                  Spanning $\Mev$ and $\Tev$ Energies}, Nijmegen, Netherlands,
                  August 1999},
  Checked =	 {1}
}

@Preprint{hep-ex-9912064,
  author =       {L.~Gladilin},
  title =        {Charm Hadron Production Fractions},
  year =         {1999},
  eprint =       {hep-ex/9912064},
  submitdate =   {18.08.01-13:31},
  checked =      {1}
}

%------------------------------------------------------------------------------
%      2000
%------------------------------------------------------------------------------

@Preprint{hep-ex-0002055,
  author =       {G.~D'Agostini},
  title =        {Confidence Limits: What is the Problem? {Is} there the
                  Solution?},
  year =         {2000},
  eprint =       {hep-ex/0002055},
  note =         {Contributed to Workshop on Confidence Limits, Geneva,
                  Switzerland, 17-18 Jan 2000},
  submitdate =   {12.02.01-11:35},
  checked =      {1}
}

@Preprint{hep-ex-0004011,
  author =       {G.~Zech},
  title =        {Confronting Classical and {Bayesian} Confidence Limits to
                  Examples},
  year =         {2000},
  eprint =       {hep-ex/0004011},
  note =         {Talk given at the Workshop on Confidence Limits, Geneva,
                  Switzerland, 17-18 Jan 2000},
  submitdate =   {26.01.01-12:35},
  checked =      {1}
}

@Preprint{hep-ex-0005021,
  author =       {CCFR/NuTeV \coll, A.~Bodek \etal},
  title =        {Measurements of {$F_2$},{$xF_3^\nu -xF_3^{\bar{\nu}}$} from
                  {CCFR} $\nu_\mu$-{Fe} and $\bar{\nu}_\mu$-{Fe} Data in a Model
                  Independent Way},
  eprint =       {hep-ex/0005021},
  year =         {2000},
  submitdate =   {09.07.01-20:04},
  checked =      {1}
}

@Preprint{hep-ex-0008003,
  author =       {CCFR/NuTeV \coll, A.~Bodek \etal},
  title =        {New Measurements of Nucleon Structure Functions from the
                  {CCFR}/{NuTeV} Collaboration},
  eprint =       {hep-ex/0008003},
  year =         {2000},
  submitdate =   {09.07.01-20:06},
  checked =      {1}
}

@Preprint{hep-ex-0010001,
  author =       {CCFR/NuTeV \coll, A.~Bodek \etal},
  title =        {Recent Structure Function Results from Neutrino Scattering at
                  {Fermilab}},
  eprint =       {hep-ex/0010001},
  year =         {2000},
  submitdate =   {09.07.01-20:10},
  checked =      {1}
}

@Preprint{hep-ph-0010300,
  author =       {J.~Bartels, H.~Jung and A.~Kyrieleis},
  title =        {Massive $c\bar{c} g$ Production in Diffractive {DIS}},
  year =         {2000},
  report =       {DESY-01-116},
  eprint =       {hep-ph/0010300},
  submitdate =   {04.03.02-18:58},
  checked =      {1}
}

@Preprint{hep-ph-0011255,
  author =       {H.~Spiesberger, M.~Spira and P.M.~Zerwas},
  title =        {The {Standard Model}: Physical Basis and Scattering 
                  Experiments},
  year =         {2000},
  eprint =       {hep-ph/0011255},
  report =       {MZ-TH/00-53},
  submitdate =   {23.01.02-17:21},
  checked =      {1}
}

@Preprint{hep-ph-0011264,
  author =       {R.S.~Chivukula},
  title =        {Lectures on {Technicolor} and Compositeness},
  year =         {2000},
  eprint =       {hep-ph/0011264},
  submitdate =   {30.01.02-13:49},
  checked =      {1}
}

%------------------------------------------------------------------------------
%      2001
%------------------------------------------------------------------------------

@Preprint{hep-ex-0101007,
  author =       {E.~Rizvi and T.~Sloan},
  title =        {{$xF_3^{\gamma Z}$} in Charged Lepton Scattering},
  year =         {2000},
  eprint =       {hep-ex-0101007},
  note =         {subm.\ to Eur.~Phys.~J.},
  submitdate =   {26.02.02-17:31},
  checked =      {1}
}

@Preprint{hep-ph-0101122,
  author =       {J.L.~Feng},
  title =        {Theoretical Overview: Motivations for Lepton Flavor Violation},
  year =         {2001},
  report =       {MIT-CTP-3066},
  eprint =       {hep-ph/0101122},
  submitdate =   {02.02.01-12:30},
  checked =      {1}
}

@Preprint{hep-ph-0102131,
  author =       {K.~Lane},
  title =        {New Model-Independent Limit on Muon Substructure},
  year =         {2001},
  eprint =       {hep-ph/0102131},
  submitdate =   {18.01.02-14:51},
  checked =      {1}
}

@Preprint{hep-ph-0102151,
  author =       {A.M.~Cooper-Sarkar},
  title =        {Low-$x$ Physics at {HERA}},
  year =         {2001},
  eprint =       {hep-ph/0102151},
  submitdate =   {09.07.01-19:29},
  checked =      {1}
}

@Preprint{hep-ph-0102242,
  author =       {P.~Das, S.K.~Rai and S.~Raychaudhuri},
  title =        {Anomalous Magnetic Moment of the Muon in a Composite Model},
  year =         {2001},
  eprint =       {hep-ph/0102242},
  submitdate =   {30.01.02-14:02},
  checked =      {1}
}

@Preprint{hep-ex-0105055,
  author =       {G.~Wolf},
  title =        {Deep Inelastic Scattering at Large Energy and Momentum
                  Transfers: Recent Results from the {HERA} Collider},
  year =         {2001},
  eprint =       {hep-ex/0105055},
  submitdate =   {30.01.02-15:15},
  checked =      {1}
}

@Preprint{hep-ex-0106030,
  author =       {M.~Kuze, for the ZEUS and H1 \coll},
  title =        {Searches for New Physics at {HERA}},
  year =         {2001},
  eprint =       {hep-ex/0106030},
  submitdate =   {11.01.02-19:14},
  note =         {To appear in {\slshape Proc.\ 15$^{th}$ Renc.\ de Physique de la
                  Vallee d'Aoste: Results and Perspective in Particle Physics},
                  La Thuile, Italy, March 2001},
  checked =      {1}
}

@Preprint{hep-ph-0106075,
  author =       {R.S.~Thorne \etal},
  title =        {{MRST} Global Fit Update},
  eprint =       {hep-ph/0106075},
  year =         {2001},
  submitdate =   {09.07.01-22:39},
  checked =      {1}
}

@Preprint{hep-ph-0107068,
  author =       {J.R.~Forshaw and G.~Poludniowski},
  title =        {Vector Meson Photoproduction at High-$t$ and Comparison to
                  {HERA} Data},
  year =         {2001},
  eprint =       {hep-ph/0107068},
  submitdate =   {09.07.01-02:36},
  checked =      {1}
}

@Preprint{hep-ex-0107008,
  author =       {CDF \coll, T.~Affolder \etal},
  title =        {Search for Quark--Lepton Compositeness and a Heavy {$W'$} Boson
                  Using the $e\nu$ Channel in $p\bar{p}$ Collisions at
                  $\sqrt{s}=1.8\tev$},
  year =         {2001},
  eprint =       {hep-ex/0107008},
  submitdate =   {18.01.02-14:50},
  checked =      {1},
  replacedby =   {prl:87:231803}
}

@Preprint{hep-ph-0108264,
  author =       {T.~Sj\"ostrand, L.~L\"onnblad, and S.~Mrenna},
  title =        {PYTHIA 6.2: Physics and Manual},
  year =         {2001},
  eprint =       {hep-ph/0108264},
  submitdate =   {25.04.06-13:25},
  checked =      {1}
}

@Preprint{hep-ph-0111083,
  author =       {S.~Rakshit},
  title =        {Muon Anomalous Magnetic Moment Constrains Models with Excited
                  Leptons},
  year =         {2001},
  eprint =       {hep-ph/0111083},
  submitdate =   {18.01.02-14:54},
  checked =      {1}
}

@Preprint{hep-ph-0112102,
  author =       {M.~Hayakawa and T.~Kinoshita},
  title =        {Comment on the Sign of the Pseudoscalar Pole Contribution to
                  the Muon $g-2$},
  year =         {2001},
  eprint =       {hep-ph/0112102},
  submitdate =   {30.01.02-14:18},
  checked =      {1}
}

@Preprint{hep-ph-0112242,
  author =       {E.~Martynov, E.~Predazzi and A.~Prokudin},
  title =        {A Universal {Regge} Pole Model for All Vector Meson Exclusive
                  Photoproduction by Real and Virtual Photons},
  year =         {2001},
  eprint =       {hep-ph/0112242},
  note =         {subm.\ to Eur.~Phys.~J.},
  submitdate =   {11.02.02-16:54},
  checked =      {1}
}

@Preprint{hep-ph-0107071,
  author =       {G.~Corcella \etal},
  title =        {\textsc{Herwig} 6.3 Release Note},
  year =         {2001},
  eprint =       {hep-ph/0107071},
  checked =      {2}
}

@Preprint{hep-ph-0109271,
  author =       {A.~V.~Kisselev, V.~A.~Petrov and R.~A.~Ryutin},
  title =        {Do Quark Mass Effects Survive in the High-{$Q^2$} 
                  Limit of DIS?},
  year =         {2001},
  eprint =       {hep-ph/0109271},
  submitdate =   {15.01.03-03:36},
  checked =      {1}
}

%------------------------------------------------------------------------------
%      2002
%------------------------------------------------------------------------------

@Preprint{hep-ph-0201127,
  author =       {A.D.~Martin \etal},
  title =        {{NNLO} Global Parton Analysis},
  year =         {2002},
  eprint =       {hep-ph/0201127},
  submitdate =   {04.03.02-10:56},
  checked =      {1}
}

@Preprint{hep-ph-0201195,
  author =       {J.~Pumplin \etal},
  title =        {New Generation of Parton Distributions with Uncertainties from
                  Global {QCD} Analysis},
  year =         {2002},
  eprint =       {hep-ph/0201195},
  submitdate =   {04.03.02-10:53},
  checked =      {2}
}

@Preprint{hep-ph-0204268,
  author =       {A.~V.~Berezhnoy and A.~K.~Likhoded},
  title =        {The charm contribution into the proton structure function in
                  DIS at the HERA ep collider.},
  year =         {2002},
  eprint =       {hep-ph/0204268},
  submitdate =   {15.01.03-03:22},
  checked =      {1}
}

%------------------------------------------------------------------------------
%      2003
%------------------------------------------------------------------------------
@Preprint{hep-ph-0308087,
  author =       {A.D.~Martin \etal},
  title =        {Uncertainties of Predictions from Parton Distributions {II}:
                  Theoretical Errors},
  year =         {2003},
  eprint =       {hep-ph/0308087},
  submitdate =   {18.09.03-12:49},
  checked =      {2}
}
%------------------------------------------------------------------------------
%      2004
%------------------------------------------------------------------------------

@Preprint{hep-ex-0410016,
  author =       {Yu.A.~Troyan \etal},
  title =        {The Baryonic Resonances in the System of {$nK^+$}},
  year =         {2004},
  eprint =       {hep-ex/0410016},
  submitdate =   {01.08.05-20:49},
  checked =      {2}
}
