%==============================================================================
%
%      Publications of the ZEUS Collaboration
%      --------------------------------------
%
%      1) PHYSICS RESULTS
%      ------------------
%==============================================================================

%------------------------------------------------------------------------------
%     Papers published in 1992
%------------------------------------------------------------------------------

@Article{pl:b293:465,
  author =       {ZEUS \coll, M.~Derrick \etal},
  title =        {A Measurement of {$\sigma_{\text{tot}}(\gamma p)$} at
                  {$\sqrt{s}=210\gev$}},
  journal =      PL,
  year =         {1992},
  volume =       {B~293},
  pages =        {465},
  doi =          {10.1016/0370-2693(92)90914-P},
  checked =      {2}
}

@Article{pl:b297:404,
  author =       {ZEUS \coll, M.~Derrick \etal},
  title =        {Observation of Hard Scattering in Photoproduction at
                  {HERA}},
  journal =      PL,
  year =         1992,
  volume =       {B~297},
  pages =        {404},
  doi =          {10.1016/0370-2693(92)91280-M},
  checked =      {2}
}

%------------------------------------------------------------------------------
%     Papers published in 1993
%------------------------------------------------------------------------------

@Article{pl:b303:183,
  author =       {ZEUS \coll, M.~Derrick \etal},
  title =        {Initial Study of Deep Inelastic Scattering with
                  {ZEUS} at {HERA}},
  journal =      PL,
  year =         1993,
  volume =       {B~303},
  pages =        {183},
  doi =          {10.1016/0370-2693(93)90065-P},
  checked =      {2}
}

@Article{pl:b306:173,
  author =       {ZEUS \coll, M.~Derrick \etal},
  title =        {Search for Leptoquarks with the {ZEUS} Detector},
  journal =      PL,
  year =         1993,
  volume =       {B~306},
  pages =        {173},
  doi =          {10.1016/0370-2693(93)91155-G},
  checked =      {2}
}

@Article{pl:b306:158,
  author =       {ZEUS \coll, M.~Derrick \etal},
  title =        {Observation of Two-Jet Production in Deep Inelastic
                  Scattering at {HERA}},
  journal =      PL,
  year =         1993,
  volume =       {B~306},
  pages =        {158},
  doi =          {10.1016/0370-2693(93)91154-F},
  checked =      {2}
}

@Article{zfp:c59:231,
  author =       {ZEUS \coll, M.~Derrick \etal},
  title =        {Hadronic Energy Distributions in Deep-Inelastic
                  Electron--Proton Scattering},
  journal =      ZfP,
  year =         1993,
  volume =       {C~59},
  pages =        {231},
  doi =          {10.1007/BF01566687},
  checked =      {2}
}

@Article{pl:b315:481,
  author =       {ZEUS \coll, M.~Derrick \etal},
  title =        {Observation of Events with a Large Rapidity Gap in
                  Deep Inelastic Scattering at {HERA}},
  journal =      PL,
  year =         1993,
  volume =       {B~315},
  pages =        {481},
  doi =          {10.1016/0370-2693(93)91645-4},
  checked =      {2}
}

@Article{pl:b316:207,
  author =       {ZEUS \coll, M.~Derrick \etal},
  title =        {Search for Excited Electrons using the {ZEUS}
                  Detector},
  journal =      PL,
  year =         1993,
  volume =       {B~316},
  pages =        {207},
  doi =          {10.1016/0370-2693(93)90680-G},
  checked =      {2}
}

@Article{pl:b316:412,
  author =       {ZEUS \coll, M.~Derrick \etal},
  title =        {Measurement of the Proton Structure Function {$F_2$}
                  in {$ep$} Scattering at {HERA}},
  journal =      PL,
  year =         1993,
  volume =       {B~316},
  pages =        {412},
  doi =          {10.1016/0370-2693(93)90347-K},
  checked =      {2}
}

%------------------------------------------------------------------------------
%     Papers published in 1994
%------------------------------------------------------------------------------

@Article{pl:b322:287,
  author =       {ZEUS \coll, M.~Derrick \etal},
  title =        {Observation of Direct Processes in Photoproduction
                  at {HERA}},
  journal =      PL,
  year =         1994,
  volume =       {B~322},
  pages =        {287},
  doi =          {10.1016/0370-2693(94)91121-5},
  checked =      {2}
}


@Unpublished{zn:94:101,
  author =       {A.~Bargende \etal},
  title =        {Observation of the $D^{\ast \pm} (2010)$ Decay $D^{\ast +}
                  \rightarrow D^{0} \pi^{+} \rightarrow ((K^{0}_{s} \rightarrow
                  \pi^{+} \pi^{-}) \pi^{+} \pi^{-}) \pi^{+}$},
  year =         {1994},
  note =         {ZEUS-94-101},
  submitdate =   {08.11.02-15:38},
  checked =      {2}
}

@Unpublished{zn:94:22,
  author =       {J.~Roldan \etal},
  title =        {Observation of $D^{\ast \pm} (2010)$ with {ZEUS} at {HERA}},
  year =         {1994},
  note =         {ZEUS-94-022},
  submitdate =   {08.11.02-14:43},
  checked =      {2}
}



@Article{zfp:c63:391,
  author =       {ZEUS \coll, M.~Derrick \etal},
  title =        {Measurement of the Total and Partial Photon Proton
                  Cross Sections at {$180\gev$} Center of Mass Energy},
  journal =      ZfP,
  year =         1994,
  volume =       {C~63},
  pages =        {391},
  doi =          {10.1007/BF01580320},
  checked =      {2}
}

@Article{pl:b332:228,
  author =       {ZEUS \coll, M.~Derrick \etal},
  title =        {Observation of Jet Production in Deep Inelastic
                  Scattering with a Large Rapidity Gap at {HERA}},
  journal =      PL,
  year =         1994,
  volume =       {B~332},
  pages =        {228},
  doi =          {10.1016/0370-2693(94)90883-4},
  checked =      {2}
}

@Article{pl:b338:483,
  author =       {ZEUS \coll, M.~Derrick \etal},
  title =        {Comparison of Energy Flows in Deep Inelastic
                  Scattering Events with and Without a Large Rapidity
                  Gap},
  journal =      PL,
  year =         1994,
  volume =       {B~338},
  pages =        {483},
  doi =          {10.1016/0370-2693(94)90804-4},
  checked =      {2}
}

@Article{zfp:c65:379,
  author =       {ZEUS \coll, M.~Derrick \etal},
  title =        {Measurement of the Proton Structure Function {$F_2$}
                  from the 1993 {HERA} Data},
  journal =      ZfP,
  year =         1994,
  volume =       {C~65},
  pages =        {379},
  doi =          {10.1007/BF01556128},
  checked =      {2}
}

%------------------------------------------------------------------------------
%     Papers published in 1995 (jornal or hep/ex)
%------------------------------------------------------------------------------

@Article{zfp:c65:627,
  author =       {ZEUS \coll, M.~Derrick \etal},
  title =        {A Search for Excited Fermions in Electron--Proton
                  Collisions at {HERA}},
  journal =      ZfP,
  year =         1995,
  volume =       {C~65},
  pages =        {627},
  doi =          {10.1007/BF01578671},
  checked =      {2}
}

@Article{pl:b342:417,
  author =       {ZEUS \coll, M.~Derrick \etal},
  title =        {Inclusive Jet Differential Cross Sections in
                  Photoproduction at {HERA}},
  journal =      PL,
  year =         1995,
  volume =       {B~342},
  pages =        {417},
  doi =          {10.1016/0370-2693(94)01510-J},
  checked =      {2}
}

@Article{pl:b345:576,
  author =       {ZEUS \coll, M.~Derrick \etal},
  title =        {Extraction of the Gluon Density of the Proton at
                  Small {$x$}},
  journal =      PL,
  year =         1995,
  volume =       {B~345},
  pages =        {576},
  doi =          {10.1016/0370-2693(95)00021-C},
  checked =      {2}
}

@Article{pl:b346:399,
  author =       {ZEUS \coll, M.~Derrick \etal},
  title =        {Observation of Hard Scattering in Photoproduction
                  Events with a Large Rapidity Gap at {HERA}},
  journal =      PL,
  year =         {1995},
  volume =       {B~346},
  pages =        {399},
  doi =          {10.1016/0370-2693(95)00022-D},
  eprint =       {hep-ex/9501011},
  checked =      {2}
}

@Article{zfp:c67:93,
  author =       {ZEUS \coll, M.~Derrick \etal},
  title =        {Measurement of Multiplicity and Momentum Spectra in
                  the Current Fragmentation Region of the {Breit}
                  Frame at {HERA}},
  journal =      ZfP,
  year =         1995,
  volume =       {C~67},
  pages =        93,
  doi =          {10.1007/BF01564824},
  eprint =       {hep-ex/9501012},
  checked =      {2}
}

@Article{pl:b349:225,
  author =       {ZEUS \coll, M.~Derrick \etal},
  title =        {Study of {$D^\ast(2010)^\pm$} Production in {$ep$}
                  Collisions at {HERA}},
  journal =      PL,
  year =         {1995},
  volume =       {B~349},
  pages =        {225},
  doi =          {10.1016/0370-2693(95)00253-H},
  eprint =       {hep-ex/9502002},
  checked =      {2}
}

@Article{zfp:c67:81,
  author =       {ZEUS \coll, M.~Derrick \etal},
  title =        {Jet Production in High-{$Q^2$} Deep-Inelastic {$ep$}
                  Scattering at {HERA}},
  journal =      ZfP,
  year =         {1995},
  volume =       {C~67},
  pages =        {81},
  doi =          {10.1007/BF01564823},
  eprint =       {hep-ex/9502003},
  checked =      {2}
}

@Article{pl:b348:665,
  author =       {ZEUS \coll, M.~Derrick \etal},
  title =        {Dijet Cross Sections in Photoproduction at {HERA}},
  journal =      PL,
  year =         {1995},
  volume =       {B~348},
  pages =        {665},
  doi =          {10.1016/0370-2693(95)00275-P},
  eprint =       {hep-ex/9502008},
  checked =      {2}
}

@Article{zfp:c67:227,
  author =       {ZEUS \coll, M.~Derrick \etal},
  title =        {Inclusive Transverse Momentum Distributions of
                  Charged Particles in Diffractive and Non-Diffractive
                  Photoproduction at {HERA}},
  journal =      ZfP,
  year =         {1995},
  volume =       {C~67},
  pages =        {227},
  doi =          {10.1007/BF01571283},
  eprint =       {hep-ex/9503014},
  checked =      {2}
}

@Article{pl:b350:120,
  author =       {ZEUS \coll, M.~Derrick \etal},
  title =        {Measurement of the Cross Section for the Reaction
                  {$\gamma p\to J/\psi p$} with the {ZEUS} Detector at
                  {HERA}},
  journal =      PL,
  year =         {1995},
  volume =       {B~350},
  pages =        {120},
  doi =          {10.1016/0370-2693(95)00403-8},
  eprint =       {hep-ex/9503015},
  checked =      {2}
}

@Article{prl:75:1006,
  author =       {ZEUS \coll, M.~Derrick \etal},
  title =        {Measurement of Charged and Neutral Current {$e^-p$}
                  Deep Inelastic Scattering Cross Sections at High
                  {$Q^2$}},
  journal =      PRL,
  year =         1995,
  volume =       {75},
  pages =        1006,
  doi =          {10.1103/PhysRevLett.75.1006},
  eprint =       {hep-ex/9503016},
  checked =      {2}
}

@Article{pl:b354:163,
  author =       {ZEUS \coll, M.~Derrick \etal},
  title =        {Study of the Photon Remnant in Resolved
                  Photoproduction at {HERA}},
  journal =      PL,
  year =         {1995},
  volume =       {B~354},
  pages =        {163},
  doi =          {10.1016/0370-2693(95)00650-A},
  eprint =       {hep-ex/9505001},
  checked =      {2}
}

@Article{zfp:c68:569,
  author =       {ZEUS \coll, M.~Derrick \etal},
  title =        {Measurement of the Diffractive Structure Function in
                  Deep Inelastic Scattering at {HERA}},
  journal =      ZfP,
  year =         1995,
  volume =       {C~68},
  pages =        569,
  doi =          {10.1007/BF01565257},
  eprint =       {hep-ex/9505010},
  checked =      {2}
}

@Article{zfp:c68:29,
  author =       {ZEUS \coll, M.~Derrick \etal},
  title =        {Neutral Strange Particle Production in Deep
                  Inelastic Scattering at {HERA}},
  journal =      ZfP,
  year =         {1995},
  volume =       {C~68},
  pages =        29,
  doi =          {10.1007/BF01579802},
  eprint =       {hep-ex/9505011},
  checked =      {2}
}

@Article{pl:b356:129,
  author =       {ZEUS \coll, M.~Derrick \etal},
  title =        {Diffractive Hard Photoproduction at {HERA} and
                  Evidence for the Gluon Content of the Pomeron},
  journal =      PL,
  year =         {1995},
  volume =       {B~356},
  pages =        {129},
  doi =          {10.1016/0370-2693(95)00803-S},
  eprint =       {hep-ex/9506009},
  checked =      {2}
}

@Article{pl:b356:601,
  author =       {ZEUS \coll, M.~Derrick \etal},
  title =        {Exclusive {$\rho^0$} Production in Deep
                  Inelastic Electron--Proton Scattering at {HERA}},
  journal =      PL,
  year =         {1995},
  volume =       {B~356},
  pages =        {601},
  doi =          {10.1016/0370-2693(95)00879-P},
  eprint =       {hep-ex/9507001},
  checked =      {2}
}

@Article{zfp:c69:39,
  author =       {ZEUS \coll, M.~Derrick \etal},
  title =        {Measurement of Elastic {$\rho^0$}
                  Photoproduction at {HERA}},
  journal =      ZfP,
  year =         {1995},
  volume =       {C~69},
  pages =        {39},
  doi =          {10.1007/s002880050004},
  eprint =       {hep-ex/9507011},
  checked =      {2}
}

@Article{pl:b363:201,
  author =       {ZEUS \coll, M.~Derrick \etal},
  title =        {Measurement of {$\alpha_s$} from Jet Rates in Deep
                  Inelastic Scattering at {HERA}},
  journal =      PL,
  year =         {1995},
  volume =       {B~363},
  pages =        {201},
  doi =          {10.1016/0370-2693(95)01284-W},
  eprint =       {hep-ex/9510001},
  checked =      {2}
}

@Article{zfp:c69:607,
  author =       {ZEUS \coll, M.~Derrick \etal},
  title =        {Measurement of the Proton Structure Function {$F_2$}
                  at Low {$x$} and Low {$Q^2$} at {HERA}},
  journal =      ZfP,
  year =         {1996},
  volume =       {C~69},
  pages =        {607},
  doi =          {10.1007/s002880050064},
  eprint =       {hep-ex/9510009},
  checked =      {2}
}

@Article{pl:b369:55,
  author =       {ZEUS \coll, M.~Derrick \etal},
  title =        {Rapidity Gaps Between Jets in Photoproduction at
                  {HERA}},
  journal =      PL,
  year =         {1996},
  volume =       {B~369},
  pages =        {55},
  doi =          {10.1016/0370-2693(95)01588-4},
  eprint =       {hep-ex/9510012},
  checked =      {2}
}

@Article{zfp:c70:1,
  author =       {ZEUS \coll, M.~Derrick \etal},
  title =        {Inclusive Charged Particle Distributions in Deep
                  Inelastic Scattering Events at {HERA}},
  journal =      ZfP,
  year =         1996,
  volume =       {C~70},
  pages =        1,
  doi =          {10.1007/s002880050075},
  eprint =       {hep-ex/9511010},
  checked =      {2}
}

@Preprint{hep-ph-9505274,
  author =       {E.~Accomando, M.~Iori and M.~Mattioli},
  title =        {{$H^{--}$} Events in the {ZEUS} Detector},
  year =         {1995},
  eprint =       {hep-ph/9505274},
  submitdate =   {10.09.03-17:12},
  checked =      {2}
}

%------------------------------------------------------------------------------
%     Papers published in 1996 (hep/ex)
%------------------------------------------------------------------------------

@Article{pl:b377:259,
  author =       {ZEUS \coll, M.~Derrick \etal},
  title =        {Measurement of Elastic {$\phi$} Photoproduction at
                  {HERA}},
  journal =      PL,
  year =         {1996},
  volume =       {B~377},
  pages =        {259},
  doi =          {10.1016/0370-2693(96)00172-4},
  checked =      {2}
}

@Article{zfp:c70:391,
  author =       {ZEUS \coll, M.~Derrick \etal},
  title =        {Measurement of the Diffractive Cross Section in Deep
                  Inelastic Scattering},
  journal =      ZfP,
  year =         {1996},
  volume =       {C~70},
  pages =        {391},
  doi =          {10.1007/s002880050118},
  eprint =       {hep-ex/9602010},
  checked =      {2}
}

@Article{pl:b380:220,
  author =       {ZEUS \coll, M.~Derrick \etal},
  title =        {Measurement of the Reaction {$\gamma^\ast p\to\phi
                  p$} in Deep Inelastic {$e^+p$} scattering at {HERA}},
  journal =      PL,
  year =         {1996},
  volume =       {B~380},
  pages =        {220},
  doi =          {10.1016/0370-2693(96)00603-X},
  checked =      {2}
}

@Article{pl:b384:401,
  author =       {ZEUS \coll, M.~Derrick \etal},
  title =        {Dijet Angular Distributions in Direct and Resolved
                  Photoproduction at {HERA}},
  journal =      PL,
  year =         1995,
  volume =       {B~384},
  pages =        401,
  doi =          {10.1016/0370-2693(96)00931-8},
  eprint =       {hep-ex/9605009},
  checked =      {2}
}

@Article{pl:b384:388,
  author =       {ZEUS \coll, M.~Derrick \etal},
  title =        {Observation of Events with an Energetic Forward
                  Neutron in Deep Inelastic Scattering at {HERA}},
  journal =      PL,
  year =         1995,
  volume =       {B~384},
  pages =        388,
  doi =          {10.1016/0370-2693(96)00688-0},
  eprint =       {hep-ex/9606006},
  checked =      {2}
}

@Article{zfp:c72:47,
  author =       {ZEUS \coll, M.~Derrick \etal},
  title =        {Study of Charged-Current {$ep$} Interactions at
                  {$Q^2>200\gev^2$} with the {ZEUS} Detector at
                  {HERA}},
  journal =      ZfP,
  year =         1996,
  volume =       {C~72},
  pages =        47,
  doi =          {10.1007/s002880050222},
  eprint =       {hep-ex/9606014},
  checked =      {2}
}

@Article{zfp:c72:399,
  author =       {ZEUS \coll, M.~Derrick \etal},
  title =        {Measurement of the {$F_2$} Structure Function in
                  Deep Inelastic {$e^+p$} Scattering using 1994 Data
                  from the {ZEUS} Detector at {HERA}},
  journal =      ZfP,
  year =         {1996},
  volume =       {C~72},
  pages =        {399},
  doi =          {10.1007/s002880050260},
  eprint =       {hep-ex/9607002},
  checked =      {2}
}

@Article{zfp:c73:73,
  author =       {ZEUS \coll, M.~Derrick \etal},
  title =        {Measurement of Elastic {$\omega$} Photoproduction at
                  {HERA}},
  journal =      ZfP,
  year =         {1996},
  volume =       {C~73},
  pages =        {73},
  doi =          {10.1007/s002880050297},
  eprint =       {hep-ex/9608010},
  checked =      {2}
}

@Article{zfp:c73:253,
  author =       {ZEUS \coll, M.~Derrick \etal},
  title =        {The {ZEUS} Leading Proton Spectrometer and its Use
                  in the Measurement of Elastic {$\rho^0$}
                  Photoproduction at {HERA}},
  journal =      ZfP,
  year =         {1997},
  volume =       {C~73},
  pages =        {253},
  doi =          {10.1007/s002880050314},
  eprint =       {hep-ex/9609003},
  checked =      {2}
}

%------------------------------------------------------------------------------
%     Papers published in 1997 (hep/ex)
%------------------------------------------------------------------------------

@Unpublished{zn:97:31,
  author =       {J.P.~Fern\'{a}ndez},
  title =        {$D^{\ast}$ Production in Deep Inelastic Scattering at {HERA}},
  year =         {1997},
  note =         {ZEUS-97-031},
  submitdate =   {08.11.02-14:35},
  checked =      {2}
}

@Article{zfp:c74:207,
  author =       {ZEUS \coll, J.~Breitweg \etal},
  title =        {Comparison of {ZEUS} Data with Standard Model
                  Predictions for {$e^+p\to e^+X$} Scattering at High
                  {$x$} and {$Q^2$}},
  journal =      ZfP,
  year =         1997,
  volume =       {C~74},
  pages =        {207},
  doi =          {10.1007/s002880050384},
  eprint =       {hep-ex/9702015},
  checked =      {2}
}

@Article{zfp:c75:421,
  author =       {ZEUS \coll, J.~Breitweg \etal},
  title =        {Study of Photon Dissociation in Diffractive
                  Photoproduction at {HERA}},
  journal =      ZfP,
  year =         {1997},
  volume =       {C~75},
  pages =        {421},
  doi =          {10.1007/s002880050485},
  checked =      {2}
}

@Article{pl:b401:192,
  author =       {ZEUS \coll, J.~Breitweg \etal},
  title =        {Differential Cross Sections of {${D^\ast}^\pm$}
                  Photoproduction in {$ep$} Collisions at {HERA}},
  journal =      PL,
  year =         {1997},
  volume =       {B~401},
  pages =        {192},
  doi =          {10.1016/S0370-2693(97)00422-X},
  eprint =       {hep-ex/9704011},
  checked =      {2}
}

@Article{zfp:c75:215,
  author =       {ZEUS \coll, J.~Breitweg \etal},
  title =        {Measurement of Elastic {$J/\psi$} Photoproduction at
                  {HERA}},
  journal =      ZfP,
  year =         {1997},
  volume =       {C~75},
  pages =        {215},
  doi =          {10.1007/s002880050464},
  checked =      {2}
}

@Article{zfp:c73:613,
  author =       {ZEUS \coll, M.~Derrick \etal},
  title =        {Search for Lepton Flavor Violation in {$ep$}
                  Collisions at {$300\gev$} Center of Mass Energy},
  journal =      ZfP,
  year =         {1997},
  volume =       {C~73},
  pages =        {613},
  doi =          {10.1007/s002880050352},
  eprint =       {hep-ex/9704018},
  checked =      {2}
}

@Article{pl:b407:402,
  author =       {ZEUS \coll, J.~Breitweg \etal},
  title =        {{$D^\ast$} Production in Deep Inelastic Scattering
                  at {HERA}},
  journal =      PL,
  year =         {1997},
  volume =       {B~407},
  pages =        {402},
  doi =          {10.1016/S0370-2693(97)00847-2},
  eprint =       {hep-ex/9706009},
  checked =      {2}
}

@Article{pl:b407:432,
  author =       {ZEUS \coll, J.~Breitweg \etal},
  title =        {Measurement of the Proton Structure Function {$F_2$}
                  and {$\sigma_{\text{tot}}^{\gamma^\ast p}$} at Low {$Q^2$}
                  and Very Low {$x$} at {HERA}},
  journal =      PL,
  year =         {1997},
  volume =       {B~407},
  pages =        {432},
  doi =          {10.1016/S0370-2693(97)00905-2},
  eprint =       {hep-ex/9707025},
  checked =      {2}
}

@Article{zfp:c76:631,
  author =       {ZEUS \coll, J.~Breitweg \etal},
  title =        {A Search for Excited Fermions in {$e^+p$} Collisions
                  at {HERA}},
  journal =      ZfP,
  year =         {1997},
  volume =       {C~76},
  pages =        {631},
  doi =          {10.1007/s002880050585},
  eprint =       {hep-ex/9708007},
  checked =      {2}
}

@Article{zfp:c76:599,
  author =       {ZEUS \coll, J.~Breitweg \etal},
  title =        {Measurement of Inelastic {$J/\psi$} Photoproduction
                  at {HERA}},
  journal =      ZfP,
  year =         {1997},
  volume =       {C~76},
  pages =        {599},
  doi =          {10.1007/s002880050583},
  eprint =       {hep-ex/9708010},
  checked =      {2}
}

@Article{pl:b413:201,
  author =       {ZEUS \coll, J.~Breitweg \etal},
  title =        {Observation of Isolated High-{$E_t$} Photons in
                  Photoproduction at {HERA}},
  journal =      PL,
  year =         {1997},
  volume =       {B~413},
  pages =        {201},
  doi =          {10.1016/S0370-2693(97)01164-7},
  eprint =       {hep-ex/9708038},
  checked =      {2}
}

@Article{epj:c1:81,
  author =       {ZEUS \coll, J.~Breitweg \etal},
  title =        {Measurement of the Diffractive Structure Function
                  {$F_2^{D(4)}$} at {HERA}},
  journal =      EPJ,
  year =         {1998},
  volume =       {C~1},
  pages =        {81},
  doi =          {10.1007/s100520050063},
  eprint =       {hep-ex/9709021},
  checked =      {2}
}

@Article{epj:c2:61,
  author =       {ZEUS \coll, J.~Breitweg \etal},
  title =        {Measurement of Jet Shapes in Photoproduction at
                  {HERA}},
  journal =      EPJ,
  year =         {1998},
  volume =       {C~2},
  pages =        {61},
  doi =          {10.1007/s100520050124},
  eprint =       {hep-ex/9710002},
  checked =      {2}
}

@Article{pl:b414:428,
  author =       {ZEUS \coll, J.~Breitweg \etal},
  title =        {Observation of Scaling Violations in Scaled Momentum
                  Distributions at {HERA}},
  journal =      PL,
  year =         {1997},
  volume =       {B~414},
  pages =        {428},
  doi =          {10.1016/S0370-2693(97)01194-5},
  eprint =       {hep-ex/9710011},
  checked =      {2}
}

@Article{epj:c1:109,
  author =       {ZEUS \coll, J.~Breitweg \etal},
  title =        {Dijet Cross-Sections in Photoproduction at {HERA}},
  journal =      EPJ,
  year =         {1998},
  volume =       {C~1},
  pages =        {109},
  doi =          {10.1007/s100520050065},
  eprint =       {hep-ex/9710018},
  checked =      {2}
}

@Article{pl:b421:368,
  author =       {ZEUS \coll, J.~Breitweg \etal},
  title =        {Event Shape Analysis of Deep Inelastic Scattering
                  Events with a Large Rapidity Gap at {HERA}},
  journal =      PL,
  year =         1998,
  volume =       {B~421},
  pages =        {368},
  doi =          {10.1016/S0370-2693(97)01539-6},
  eprint =       {hep-ex/9710027},
  checked =      {1}
}

@Article{epj:c2:77,
  author =       {ZEUS \coll, J.~Breitweg \etal},
  title =        {Charged Particles and Neutral Kaons in Photoproduced
                  Jets at {HERA}},
  journal =      EPJ,
  year =         {1998},
  volume =       {C~2},
  pages =        {77},
  doi =          {10.1007/s100520050125},
  eprint =       {hep-ex/9711018},
  checked =      {2}
}

@Article{epj:c2:237,
  author =       {ZEUS \coll, J.~Breitweg \etal},
  title =        {Measurement of the {$t$} Distribution in Diffractive
                  Photoproduction at {HERA}},
  journal =      EPJ,
  year =         {1998},
  volume =       {C~2},
  pages =        {237},
  doi =          {10.1007/s100520050135},
  eprint =       {hep-ex/9712019},
  checked =      {2}
}

@Article{epj:c2:247,
  author =       {ZEUS \coll, J.~Breitweg \etal},
  title =        {Elastic and Proton-Dissociative {$\rho^0$}
                  Photoproduction at {HERA}},
  journal =      EPJ,
  year =         {1998},
  volume =       {C~2},
  pages =        {247},
  doi =          {10.1007/s100520050136},
  eprint =       {hep-ex/9712020},
  checked =      {2}
}

%------------------------------------------------------------------------------
%     Papers published in 1998 (hep/ex)
%------------------------------------------------------------------------------

@Article{epj:c4:591,
  author =       {ZEUS \coll, J.~Breitweg \etal},
  title =        {High-{$E_t$} Inclusive Jet Cross-Sections in
                  Photoproduction at {HERA}},
  journal =      EPJ,
  year =         {1998},
  volume =       {C~4},
  pages =        {591},
  doi =          {10.1007/s100520050230},
  eprint =       {hep-ex/9802012},
  checked =      {1}
}

@Article{epj:c8:367,
  author =       {ZEUS \coll, J.~Breitweg \etal},
  title =        {Measurement of Jet Shapes in High-{$Q^2$} Deep
                  Inelastic Scattering at {HERA}},
  journal =      EPJ,
  year =         {1999},
  volume =       {C~8},
  pages =        {367},
  doi =          {10.1007/s100520050471},
  eprint =       {hep-ex/9804001},
  checked =      {1}
}

@Article{epj:c5:41,
  author =       {ZEUS \coll, J.~Breitweg \etal},
  title =        {Diffractive Dijet Cross-Sections in Photoproduction
                  at {HERA}},
  journal =      EPJ,
  year =         {1998},
  volume =       {C~5},
  pages =        {41},
  doi =          {10.1007/s100520050246},
  eprint =       {hep-ex/9804013},
  checked =      {1}
}

@Article{epj:c6:239,
  author =       {ZEUS \coll, J.~Breitweg \etal},
  title =        {Forward Jet Production in Deep Inelastic Scattering
                  at {HERA}},
  journal =      EPJ,
  year =         {1999},
  volume =       {C~6},
  pages =        {239},
  doi =          {10.1007/s100529801018},
  eprint =       {hep-ex/9805016},
  checked =      {1}
}

@Article{pl:b434:214,
  author =       {ZEUS \coll, J.~Breitweg \etal},
  title =        {Search for Selectron and Squark Production in
                  {$e^+p$} Collisions at {HERA}},
  journal =      PL,
  year =         {1998},
  volume =       {B~434},
  pages =        {214},
  doi =          {10.1016/S0370-2693(98)00817-X},
  eprint =       {hep-ex/9806019},
  checked =      {1}
}

@Article{epj:c6:67,
  author =       {ZEUS \coll, J.~Breitweg \etal},
  title =        {Measurement of Inclusive {${D^\ast}^\pm$} and
                  Associated Dijet Cross-Sections in Photoproduction
                  at {HERA}},
  journal =      EPJ,
  year =         {1999},
  volume =       {C~6},
  pages =        {67},
  doi =          {10.1007/s100529801017},
  eprint =       {hep-ex/9807008},
  checked =      {1}
}

@Article{epj:c6:43,
  author =       {ZEUS \coll, J.~Breitweg \etal},
  title =        {Measurement of the Diffractive Cross-Section in Deep
                  Inelastic Scattering Using {ZEUS} 1994 Data},
  journal =      EPJ,
  year =         1999,
  volume =       {C~6},
  pages =        43,
  doi =          {10.1007/s100529801016},
  eprint =       {hep-ex/9807010},
  checked =      {1}
}

@Article{pl:b437:432,
  author =       {ZEUS \coll, J.~Breitweg \etal},
  title =        {Measurement of Elastic {$\Upsilon$} Photoproduction
                  at {HERA}},
  journal =      PL,
  year =         {1998},
  volume =       {B~437},
  pages =        {432},
  doi =          {10.1016/S0370-2693(98)01081-8},
  eprint =       {hep-ex/9807020},
  checked =      {1}
}

@Article{epj:c6:603,
  author =       {ZEUS \coll, J.~Breitweg \etal},
  title =        {Exclusive Electroproduction of {$\rho^0$} and
                  {$J/\psi$} Mesons at {HERA}},
  journal =      EPJ,
  year =         {1999},
  volume =       {C~6},
  pages =        {603},
  doi =          {10.1007/s100529901051},
  checked =      {1}
}

@Article{epj:c7:609,
  author =       {ZEUS \coll, J.~Breitweg \etal},
  title =        {{ZEUS} Results on the Measurement and Phenomenology
                  of {$F_2$} at Low {$x$} and Low {$Q^2$}},
  journal =      EPJ,
  year =         {1999},
  volume =       {C~7},
  pages =        {609},
  doi =          {10.1007/s100529901084},
  eprint =       {hep-ex/9809005},
  checked =      {1}
}

@Article{pl:b443:394,
  author =       {ZEUS \coll, J.~Breitweg \etal},
  title =        {Measurement of Three-Jet Distributions in
                  Photoproduction at {HERA}},
  journal =      PL,
  year =         {1998},
  volume =       {B~443},
  pages =        {394},
  doi =          {10.1016/S0370-2693(98)01360-4},
  eprint =       {hep-ex/9810046},
  checked =      {1}
}

%------------------------------------------------------------------------------
%     Papers published in 1999 (hep/ex)
%------------------------------------------------------------------------------

@Article{epj:c11:251,
  author =       {ZEUS \coll, J.~Breitweg \etal},
  title =        {Measurement of Multiplicity and Momentum Spectra in
                  the Current and Target Regions of the {Breit} Frame
                  in Deep Inelastic Scattering at {HERA}},
  journal =      EPJ,
  year =         {1999},
  volume =       {C~11},
  pages =        {251},
  doi =          {10.1007/s100520050630},
  eprint =       {hep-ex/9903056},
  checked =      {1}
}

@Article{epj:c11:427,
  author =       {ZEUS \coll, J.~Breitweg \etal},
  title =        {Measurement of High-{$Q^2$} Neutral Current {$e^+p$}
                  Deep Inelastic Scattering Cross Sections at {HERA}},
  journal =      EPJ,
  year =         {1999},
  volume =       {C~11},
  pages =        {427},
  doi =          {10.1007/s100520050645},
  eprint =       {hep-ex/9905032},
  checked =      {2}
}

@Article{epj:c14:239,
  author = 	 {ZEUS \coll, J.~Breitweg \etal},
  title = 	 {Search for Contact Interactions in Deep Inelastic 
                  {$e^+p\to e^+X$} Scattering at {HERA}},
  journal = 	 EPJ,
  year =       {2000},
  volume =	 {C~14},
  pages =      {239},
  eprint =       {hep-ex/9905039},
  checked =      {1}
}

@Article{epj:c11:35,
  author =       {ZEUS \coll, J.~Breitweg \etal},
  title =        {Measurement of Dijet Photoproduction at High
                  Transverse Energies at {HERA}},
  journal =      EPJ,
  year =         {1999},
  volume =       {C~11},
  pages =        {35},
  doi =          {10.1007/s100520050612},
  eprint =       {hep-ex/9905046},
  checked =      {1}
}

@Article{epj:c12:53,
  author =       {ZEUS \coll, J.~Breitweg \etal},
  title =        {Angular and Current-Target Correlations in Deep
                  Inelastic Scattering at {HERA}},
  journal =      EPJ,
  year =         {2000},
  volume =       {C~12},
  pages =        {53},
  doi =          {10.1007/s100529900245},
  eprint =       {hep-ex/9905050},
  checked =      {1}
}

@Article{epj:c12:411,
  author =       {ZEUS \coll, J.~Breitweg \etal},
  title =        {Measurement of High-{$Q^2$} Charged-Current {$e^+p$}
                  Deep Inelastic Scattering Cross Sections at {HERA}},
  journal =      EPJ,
  year =         {2000},
  volume =       {C~12},
  pages =        {411},
  doi =          {10.1007/s100529900280},
  note =         {Erratum in \cite{epj:c27:305}},
  eprint =       {hep-ex/9907010},
  checked =      {2}
}

@Article{epj:c27:305,
  author =       {ZEUS \coll},
  title =        {Erratum: {M}easurement of High-{$Q^2$} Charged Current
                  $e^+p$ Deep Inelastic Scattering Cross Sections at
                  {HERA}},
  journal =      EPJ,
  year =         {2003},
  volume =       {C~27},
  pages =        {305},
  doi =          {10.1140/epjc/s2002-01122-2},
  eprint =       {hep-ex/9907010},
  submitdate =   {07.08.03-20:10},
  checked =      {2}
}

@Article{pl:b471:411,
  author =       {ZEUS \coll, J.~Breitweg \etal},
  title =        {{$W$} Production and the Search for Events with an
                  Isolated High-Energy Lepton and Missing Transverse
                  Momentum at {HERA}},
  journal =      PL,
  year =         {2000},
  volume =       {B~471},
  pages =        {411},
  doi =          {10.1016/S0370-2693(99)01358-1},
  eprint =       {hep-ex/9907023},
  checked =      {1}
}

@Article{epj:c12:35,
  author =       {ZEUS \coll, J.~Breitweg \etal},
  title =        {Measurement of {${D^\ast}^\pm$} Production and the
                  Charm Contribution to {$F_2$} in Deep Inelastic
                  Scattering at {HERA}},
  journal =      EPJ,
  year =         {2000},
  volume =       {C~12},
  pages =        {35},
  doi =          {10.1007/s100529900244},
  eprint =       {hep-ex/9908012},
  checked =      {1}
}

@Article{epj:c12:393,
  author =       {ZEUS \coll, J.~Breitweg \etal},
  title =        {Measurement of the Spin-Density Matrix Elements in
                  Exclusive Electroproduction of $\rho^0$ Mesons at
                  {HERA}},
  journal =      EPJ,
  year =         {2000},
  volume =       {C~12},
  pages =        {393},
  doi =          {10.1007/s100529900246},
  eprint =       {hep-ex/9908026},
  submitdate =   {23.01.02-20:02},
  checked =      {1}
}

@Article{epj:c14:213,
  author =       {ZEUS \coll, J.~Breitweg \etal},
  title =        {Measurement of Diffractive Photoproduction of Vector
                  Mesons at Large Momentum Transfer at {HERA}},
  journal =      EPJ,
  year =         {2000},
  volume =       {C~14},
  pages =        {213},
  doi =          {10.1007/s100520050748},
  checked =      {1}
}

@Article{pl:b474:223,
  author =       {ZEUS \coll, J.~Breitweg \etal},
  title =        {Measurement of the {$E^2_{T,jet}/Q^2$} Dependence of
                  Forward Jet Production at {HERA}},
  journal =      PL,
  year =         {2000},
  volume =       {B~474},
  pages =        {223},
  doi =          {10.1016/S0370-2693(99)01478-1},
  eprint =       {hep-ex/9910043},
  checked =      {1}
}

@Article{pl:b472:175,
  author =       {ZEUS \coll, J.~Breitweg \etal},
  title =        {Measurement of Inclusive Prompt Photon
                  Photoproduction at {HERA}},
  journal =      PL,
  year =         {2000},
  volume =       {B~472},
  pages =        {175},
  doi =          {10.1016/S0370-2693(99)01450-1},
  eprint =       {hep-ex/9910045},
  checked =      {1}
}

@Preprint{hep-ex-9912053,
  author =       {N.H.~Brook \etal},
  title =        {A Comparison of Deep Inelastic Scattering Monte Carlo Event
                  Generators to {HERA} Data},
  year =         {1999},
  eprint =       {hep-ex/9912053},
  submitdate =   {28.03.03-17:32},
  checked =      {1}
}

%------------------------------------------------------------------------------
%     Papers published in 2000 (hep/ex)
%------------------------------------------------------------------------------

@Article{pl:b479:37,
  author =       {ZEUS \coll, J.~Breitweg \etal},
  title =        {The {$Q^2$} Dependence of Dijet Cross Sections in
                  {$\gamma p$} Interactions at {HERA}},
  journal =      PL,
  year =         {2000},
  volume =       {B~479},
  pages =        {37},
  doi =          {10.1016/S0370-2693(00)00311-7},
  eprint =       {hep-ex/0002010},
  checked =      {1}
}

@Article{epj:c16:253,
  author =       {ZEUS \coll, J.~Breitweg \etal},
  title =        {Search for Resonances Decaying to {$e^+\;$}Jet in
                  {$e^+p$} Interactions at {HERA}},
  journal =      EPJ,
  year =         {2000},
  volume =       {C~16},
  pages =        {253},
  doi =          {10.1007/s100520050018},
  eprint =       {hep-ex/0002038},
  checked =      {1}
}

@Article{pl:b481:199,
  author =       {ZEUS \coll, J.~Breitweg \etal},
  title =        {Measurement of Azimuthal Asymmetries in Deep
                  Inelastic Scattering},
  journal =      PL,
  year =         {2000},
  volume =       {B~481},
  pages =        {199},
  doi =          {10.1016/S0370-2693(00)00430-5},
  eprint =       {hep-ex/0003017},
  checked =      {1}
}

@Article{pl:b481:213,
  author =       {ZEUS \coll, J.~Breitweg \etal},
  title =        {Measurement of Inclusive {$D_s^\pm$} Photoproduction
                  at {HERA}},
  journal =      PL,
  year =         {2000},
  volume =       {B~481},
  pages =        {213},
  doi =          {10.1016/S0370-2693(00)00431-7},
  eprint =       {hep-ex/0003018},
  checked =      {1}
}

@Article{pl:b487:53,
  author =       {ZEUS \coll, J.~Breitweg \etal},
  title =        {Measurement of the Proton Structure Function {$F_2$}
                  at Very Low {$Q^2$} at {HERA}},
  journal =      PL,
  year =         {2000},
  volume =       {B~487},
  pages =        53,
  doi =          {10.1016/S0370-2693(00)00793-0},
  eprint =       {hep-ex/0005018},
  checked =      {1}
}

@Article{pl:b487:273,
  author =       {ZEUS \coll, J.~Breitweg \etal},
  title =        {Measurement of Exclusive $\omega$ Electroproduction
                  at {HERA}},
  journal =      PL,
  year =         {2000},
  volume =       {B~487},
  pages =        {273},
  doi =          {10.1016/S0370-2693(00)00794-2},
  checked =      {1}
}


@Article{pr:d63:052002,
  author =       {ZEUS \coll, J.~Breitweg \etal},
  title =        {Search for Resonance Decays to a $\bar{\nu}$ Plus Jet
                  in $e^+p$ Scattering at {HERA}},
  journal =      PR,
  year =         {2001},
  volume =       {D~63},
  pages =        {052002},
  doi =          {10.1103/PhysRevD.63.052002},
  eprint =       {hep-ex/0009059},
  submitdate =   {23.01.02-19:57},
  checked =      {1}
}
 

@Article{epj:c18:625,
  author =       {ZEUS \coll, J.~Breitweg \etal},
  title =        {Measurement of Open Beauty Production in
                  Photoproduction at {HERA}},
  journal =      EPJ,
  year =         {2001},
  volume =       {C~18},
  pages =        {625},
  doi =          {10.1007/s100520100571},
  eprint =       {hep-ex/0011081},
  submitdate =   {24.06.01-16:21},
  checked =      {1}
}

%------------------------------------------------------------------------------
%     Papers published in 2001 (hep/ex)
%------------------------------------------------------------------------------

@Article{pl:b507:70,
  author =       {ZEUS \coll, J.~Breitweg \etal},
  title =        {Measurement of Dijet Production in Neutral Current
                  Deep Inelastic Scattering at High {$Q^2$} and
                  Determination of $\alpha_s$},
  journal =      PL,
  year =         {2001},
  volume =       {B~507},
  pages =        {70},
  doi =          {10.1016/S0370-2693(01)00421-X},
  eprint =       {hep-ex/0102042},
  submitdate =   {23.01.02-19:53},
  checked =      {1}
}

@Article{pl:b511:19,
  author =       {ZEUS \coll, S.~Chekanov \etal},
  title =        {Study of the Effective Transverse Momentum of
                  Partons in the Proton Using Prompt Photons in
                  Photoproduction at {HERA}},
  journal =      PL,
  year =         {2001},
  volume =       {B~511},
  pages =        {19},
  doi =          {10.1016/S0370-2693(01)00615-3},
  eprint =       {hep-ex/0104001},
  submitdate =   {23.01.02-19:50},
  checked =      {1}
}

@Article{pl:b510:36,
  author =       {ZEUS \coll, S.~Chekanov \etal},
  title =        {Multiplicity Moments in Deep Inelastic Scattering at
                  {HERA}},
  journal =      PL,
  year =         {2001},
  volume =       {B~510},
  pages =        {36},
  doi =          {10.1016/S0370-2693(01)00583-4},
  eprint =       {hep-ex/0104036},
  submitdate =   {23.01.02-19:48},
  checked =      {1}
}

@Article{epj:c21:443,
  author =       {ZEUS \coll, S.~Chekanov \etal},
  title =        {Measurement of the Neutral Current Cross-Section and
                  {$F_2$} Structure Function for Deep Inelastic $e^+p$
                  Scattering at {HERA}},
  journal =      EPJ,
  year =         {2001},
  volume =       {C~21},
  pages =        {443},
  doi =          {10.1007/s100520100749},
  eprint =       {hep-ex/0105090},
  submitdate =   {23.01.02-19:45},
  checked =      {2}
}

@Article{pl:b516:273,
  author =       {ZEUS \coll, S.~Chekanov \etal},
  title =        {Three-Jet Production in Diffractive Deep Inelastic
                  Scattering at {HERA}},
  journal =      PL,
  year =         {2001},
  volume =       {B~516},
  pages =        {273},
  doi =          {10.1016/S0370-2693(01)00928-5},
  eprint =       {hep-ex/0107004},
  submitdate =   {23.01.02-19:39},
  checked =      {1}
}

@Article{pr:d65:052001,
  author =       {ZEUS \coll, S.~Chekanov \etal},
  title =        {Properties of Hadronic Final States in Diffractive
                  Deep Inelastic $ep$ Scattering at {HERA}},
  journal =      PR,
  year =         {2002},
  volume =       {D~65},
  pages =        {052001},
  doi =          {10.1103/PhysRevD.65.052001},
  submitdate =   {18.12.01-12:01},
  checked =      {1}
}


@Article{epj:c23:13,
  author =       {ZEUS \coll, S.~Chekanov \etal},
  title =        {Dijet Production in Neutral Current Deep Inelastic
                  Scattering at {HERA}},
  journal =      EPJ,
  year =         2002,
  volume =       {C~23},
  pages =        {13},
  doi =          {10.1007/s100520100845},
  eprint =       {hep-ex/0109029},
  checked =      {1}
}

@Article{np:b596:3,
  replaces =     {hep-ex-0010019},
  author =       {ZEUS \coll, J.~Breitweg \etal},
  title =        {Measurement of Dijet Cross Sections for Events with
                  a Leading Neutron in Photoproduction at {HERA}},
  journal =      NP,
  year =         {2001},
  volume =       {B~596},
  pages =        {3},
  doi =          {10.1016/S0550-3213(00)00612-X},
  submitdate =   {09.07.02-00:57},
  checked =      {2}
}

@Article{epj:c23:615,
  replaces =     {hep-ex-0112029},
  author =       {ZEUS \coll, S.~Chekanov \etal},
  title =        {Dijet Photoproduction at {HERA} and the Structure of
                  the Photon},
  journal =      EPJ,
  year =         {2002},
  volume =       {C~23},
  pages =        {615},
  doi =          {10.1007/s100520200936},
  eprint =       {hep-ex/0112029},
  submitdate =   {30.07.05-22:20},
  checked =      {2}
}

@Article{pl:b531:9,
  replaces =     {hep-ex-0112030},
  author =       {ZEUS \coll, S.~Chekanov \etal},
  title =        {High-Mass Dijet Cross Sections in Photoproduction at
                  {HERA}},
  journal =      PL,
  year =         {2002},
  volume =       {B~531},
  pages =        {9},
  doi =          {10.1016/S0370-2693(02)01327-8},
  eprint =       {hep-ex/0112030},
  submitdate =   {30.07.05-22:22},
  checked =      {2}
}

@Article{pl:b549:32,
  replaces =     {hep-ex-0109018},
  author =       {ZEUS \coll, S.~Chekanov \etal},
  title =        {Searches for Excited Fermions in $ep$ Collisions at
                  {HERA}},
  journal =      PL,
  year =         {2002},
  volume =       {B~549},
  pages =        {32},
  doi =          {10.1016/S0370-2693(02)02863-0},
  eprint =       {hep-ex/0109018},
  submitdate =   {30.07.05-22:25},
  checked =      {2}
}

%------------------------------------------------------------------------------
%     Papers published in 2002 (hep/ex)
%------------------------------------------------------------------------------

@Article{np:b627:3,
  replaces =     {hep-ex-0202034},
  author =       {ZEUS \coll, S.~Chekanov \etal},
  title =        {Measurement of the Photon--Proton Total Cross
                  Section at a Center-of-Mass Energy of $209\gev$ at
                  {HERA}},
  journal =      NP,
  year =         {2002},
  volume =       {B~627},
  pages =        {3},
  doi =          {10.1016/S0550-3213(02)00068-8},
  eprint =       {hep-ex/0202034},
  submitdate =   {30.07.05-22:23},
  checked =      {2}
}

@Article{pr:d65:092004,
  author =       {ZEUS \coll, S.~Chekanov \etal},
  title =        {Search for Lepton-Flavor Violation in $e^+p$
                  Collisions at {HERA}},
  journal =      PR,
  year =         {2002},
  volume =       {D~65},
  pages =        {092004},
  doi =          {10.1103/PhysRevD.65.092004},
  eprint =       {hep-ex/0201003},
  submitdate =   {30.07.05-22:17},
  checked =      {2}
}

@Article{pl:b539:197,
  author =       {ZEUS \coll, S.~Chekanov \etal},
  title =        {Measurement of High-{$Q^2$} Charged Current Cross
                  Sections in $e^-p$ Deep Inelastic Scattering at
                  {HERA}},
  journal =      PL,
  year =         {2002},
  volume =       {B~539},
  pages =        {197},
  doi =          {10.1016/S0370-2693(02)02093-2},
  eprint =       {hep-ex/0205091},
  report =       {DESY-02-064},
  note =         {Erratum in \cite{pl:b552:308}},
  submitdate =   {12.08.02-10:06},
  checked =      {2}
}

@Article{pl:b552:308,
  author =       {ZEUS \coll, S.~Chekanov \etal},
  title =        {Erratum: {M}easurement of High-{$Q^2$} Charged Current
                  Cross Sections in $e^-p$ Deep Inelastic Scattering
                  at {HERA}},
  journal =      PL,
  year =         {2003},
  volume =       {B~552},
  pages =        {308},
  doi =          {10.1016/S0370-2693(02)03097-6},
  eprint =       {hep-ex/0205091},
  report =       {DESY-02-064},
  submitdate =   {20.06.13},
  checked =      {2}
}


@Preprint{hep-ex-0207032,
  author =       {A.~Weber},
  title =        {Search for excited fermions in $ep$ collisions at {HERA}},
  year =         {2002},
  eprint =       {hep-ex/0207032},
  note =         {Talk given at X International Workshop on Deep Inelastic
                  Scattering, Cracow, Poland, April 30 - May 4, 2002; to appear
                  in Acta Phys. Pol. B},
  submitdate =   {07.10.02-15:02},
  checked =      {1}
}

@Article{pr:d65:92004,
  author =       {ZEUS \coll, S.~Chekanov \etal},
  title =        {Search for Lepton-Flavor Violation in $e^+p$
                  Collisions at {HERA}},
  journal =      PR,
  year =         {2002},
  volume =       {D~65},
  pages =        {092004},
  doi =          {10.1103/PhysRevD.65.092004},
  eprint =       {hep-ex/0201003},
  submitdate =   {21.06.02-11:12},
  checked =      {2}
}

@Article{pl:b547:164,
  replaces =     {hep-ex-0208037},
  author =       {ZEUS \coll, S.~Chekanov \etal},
  title =        {Inclusive Jet Cross Sections in the {Breit} Frame in
                  Neutral Current Deep Inelastic Scattering at {HERA}
                  and Determination of $\alpha_{s}$},
  journal =      PL,
  year =         {2002},
  volume =       {B~547},
  pages =        {164},
  doi =          {10.1016/S0370-2693(02)02763-6},
  eprint =       {hep-ex/0208037},
  submitdate =   {06.07.04-22:56},
  checked =      {2}
}

@Article{epj:c24:345,
  author =       {ZEUS \coll, S.~Chekanov \etal},
  title =        {Exclusive Photoproduction of {$J/\psi$} Mesons at
                  {HERA}},
  journal =      EPJ,
  year =         {2002},
  volume =       {C~24},
  pages =        {345},
  doi =          {10.1007/s10052-002-0953-7},
  checked =      {2}
}

@Article{pl:b553:141,
  author =       {ZEUS \coll, S.~Chekanov \etal},
  title =        {Observation of the Strange Sea in the Proton via
                  Inclusive $\phi$-Meson Production in Neutral Current
                  Deep Inelastic Scattering at {HERA}},
  journal =      PL,
  year =         {2003},
  volume =       {B~553},
  pages =        {141},
  doi =          {10.1016/S0370-2693(02)03206-9},
  eprint =       {hep-ex/0211025},
  submitdate =   {30.07.05-21:57},
  checked =      {2}
}

@Article{pl:b551:226,
  author =       {ZEUS \coll, S.~Chekanov \etal},
  title =        {Study of the Azimuthal Asymmetry of Jets in Neutral
                  Current Deep Inelastic Scattering at {HERA}},
  journal =      PL,
  year =         {2003},
  volume =       {B~551},
  pages =        {226},
  doi =          {10.1016/S0370-2693(02)03072-1},
  eprint =       {hep-ex/0210064},
  submitdate =   {30.07.05-21:58},
  checked =      {2}
}

@Article{np:b658:3,
  author =       {ZEUS \coll, S.~Chekanov \etal},
  title =        {Leading Proton Production in $e^+p$ Collisions at
                  {HERA}},
  journal =      NP,
  year =         {2003},
  volume =       {B~658},
  pages =        {3},
  doi =          {10.1016/S0550-3213(03)00152-4},
  eprint =       {hep-ex/0210029},
  submitdate =   {30.07.05-22:02},
  checked =      {2}
}

@Article{pl:b545:244,
  author =       {ZEUS \coll, S.~Chekanov \etal},
  title =        {Measurement of Diffractive Production of
                  {$D^{*\pm}(2010)$} Mesons in Deep-Inelastic
                  Scattering at {HERA}},
  journal =      PL,
  year =         {2002},
  volume =       {B~545},
  pages =        {244},
  doi =          {10.1016/S0370-2693(02)02595-9},
  eprint =       {hep-ex/0206020},
  submitdate =   {30.07.05-22:09},
  checked =      {2}
}

@Article{np:b637:3,
  replaces =     {hep-ex-0205076},
  author =       {ZEUS \coll, S.~Chekanov \etal},
  title =        {Leading Neutron Production in $e^+p$ Collisions at
                  {HERA}},
  journal =      NP,
  year =         {2002},
  volume =       {B~637},
  pages =        {3},
  doi =          {10.1016/S0550-3213(02)00439-X},
  eprint =       {hep-ex/0205076},
  submitdate =   {30.07.05-22:13},
  checked =      {2}
}

@Article{epj:c25:169,
  replaces =     {hep-ex-0203039},
  author =       {ZEUS \coll, S.~Chekanov \etal},
  title =        {Measurement of the {$Q^2$} and Energy Dependence of
                  Diffractive Interactions at {HERA}},
  journal =      EPJ,
  year =         {2002},
  volume =       {C~25},
  pages =        {169},
  doi =          {10.1007/s10052-002-1003-1},
  eprint =       {hep-ex/0203039},
  submitdate =   {30.07.05-22:14},
  checked =      {2}
}

@Article{jp:g28:2669,
  author =       {A.M.~Cooper-Sarkar},
  title =        {Uncertainties on Parton Distribution Functions from
                  the {ZEUS} {NLO} {QCD} Fit to Data on Deep Inelastic
                  Scattering},
  journal =      JP,
  year =         {2002},
  volume =       {G~28},
  pages =        {2669},
  doi =          {10.1088/0954-3899/28/10/311},
  eprint =       {hep-ph/0205153},
  submitdate =   {31.07.05-20:55},
  checked =      {2}
}

%------------------------------------------------------------------------------
%     Papers published in 2003 (hep/ex)
%------------------------------------------------------------------------------

@Article{pr:d67:012007,
  replaces =     {desy-02-105},
  author =       {ZEUS \coll, S.~Chekanov \etal},
  title =        {{ZEUS} next-to-leading-order {QCD} analysis of data
                  on deep inelastic scattering},
  journal =      PR,
  year =         {2003},
  volume =       {D~67},
  pages =        {012007},
  doi =          {10.1103/PhysRevD.67.012007},
  eprint =       {hep-ex/0208023},
  submitdate =   {03.04.03-11:23},
  checked =      {1}
}

@Article{pl:b558:41,
  author =       {ZEUS \coll, S.~Chekanov \etal},
  title =        {Measurement of Subjet Multiplicities in Neutral
                  Current Deep Inelastic Scattering at {HERA} and
                  Determination of $\alpha_{s}$},
  journal =      PL,
  year =         {2003},
  volume =       {B~558},
  pages =        {41},
  doi =          {10.1016/S0370-2693(03)00216-8},
  eprint =       {hep-ex/0212030},
  submitdate =   {25.06.04-04:02},
  checked =      {2}
}

@Article{epj:c27:531,
  author =       {ZEUS \coll, S.~Chekanov \etal},
  title =        {Measurement of Event Shapes in Deep Inelastic
                  Scattering at {HERA}},
  journal =      EPJ,
  year =         {2003},
  volume =       {C~27},
  pages =        {531},
  doi =          {10.1140/epjc/s2003-01148-x},
  submitdate =   {07.07.04-14:01},
  checked =      {2}
}

@Article{pl:b583:41,
  author =       {ZEUS \coll, S.~Chekanov \etal},
  title =        {Isolated Tau Leptons in Events with Large Missing
                  Transverse Momentum at {HERA}},
  journal =      PL,
  year =         {2003},
  volume =       {B~583},
  pages =        {41},
  doi =          {10.1016/j.physletb.2003.12.054},
  eprint =       {hep-ex/0311028},
  submitdate =   {15.07.04-19:28},
  checked =      {2}
}

@Article{pl:b560:7,
  author =       {ZEUS \coll, S.~Chekanov \etal},
  title =        {Scaling Violations and Determination of $\alpha_{s}$ from
                  Jet Production in $\gamma p$ Interactions at {HERA}},
  journal =      PL,
  year =         {2003},
  volume =       {B~560},
  pages =        {7},
  doi =          {10.1016/S0370-2693(03)00380-0},
  eprint =       {hep-ex/0212064},
  submitdate =   {26.07.04-15:55},
  checked =      {2}
}

@Article{epj:c32:1,
  replaces =     {hep-ex-0307043},
  author =       {ZEUS \coll, S.~Chekanov \etal},
  title =        {Measurement of High {$Q^2$} Charged Current
                  Cross-Sections in $e^+p$ Deep Inelastic Scattering
                  at {HERA}},
  journal =      EPJ,
  year =         {2003},
  volume =       {C~32},
  pages =        {1},
  doi =          {10.1140/epjc/s2003-01363-5},
  eprint =       {hep-ex/0307043},
  submitdate =   {28.07.04-19:01},
  checked =      {2}
}

@Article{epj:c28:175,
  author =       {ZEUS \coll, S.~Chekanov \etal},
  title =        {Measurement of High-{$Q^2$} $e^-p$ Neutral Current
                  Cross Sections at {HERA} and the Extraction of
                  {$xF_3$}},
  journal =      EPJ,
  year =         {2003},
  volume =       {C~28},
  pages =        {175},
  doi =          {10.1140/epjc/s2003-01163-y},
  checked =      {2}
}

@Article{epj:c26:389,
  author =       {ZEUS \coll, S.~Chekanov \etal},
  title =        {Measurement of Proton-Dissociative Diffractive
                  Photoproduction of Vector Mesons at Large Momentum
                  Transfer at {HERA}},
  journal =      EPJ,
  year =         {2003},
  volume =       {C~26},
  pages =        {389},
  doi =          {10.1140/epjc/s2002-01079-0},
  eprint =       {hep-ex/0205081},
  checked =      {2}
}

@Article{epj:c27:173,
  author =       {ZEUS \coll, S.~Chekanov \etal},
  title =        {Measurement of Inelastic {$J/\psi$} and $\psi'$
                  Photoproduction at {HERA}},
  journal =      EPJ,
  year =         {2003},
  volume =       {C~27},
  pages =        {173},
  doi =          {10.1140/epjc/s2002-01130-2},
  eprint =       {hep-ex/0211011},
  submitdate =   {26.05.03-18:45},
  checked =      {2}
}

@Article{pr:d70:012008,
  author =       {ZEUS \coll, S.~Chekanov \etal},
  title =        {Bottom Photoproduction Measured Using Decays into
                  Muons in Dijet Events in $ep$ Collisions at
                  $\sqrt{s}=318\gev$},
  journal =      PR,
  year =         {2004},
  volume =       {D~70},
  pages =        {12008},
  doi =          {10.1103/PhysRevD.70.012008},
  note =         {Erratum in \cite{pr:d74:59906}},
  eprint =       {hep-ex/0312057},
  submitdate =   {30.07.05-21:28},
  checked =      {2}
}

@Article{pr:d74:59906,
  author =       {ZEUS \coll, S.~Chekanov \etal},
  title =        {Erratum: {B}ottom Photoproduction Measured Using
                  Decays into Muons in Dijet Events in $ep$ Collisions
                  at $\sqrt{s}=318\gev$},
  journal =      PR,
  year =         {2006},
  volume =       {D~74},
  pages =        {59906},
  doi =          {10.1103/PhysRevD.74.059906},
  eprint =       {hep-ex/0312057},
  submitdate =   {30.07.05-21:28},
  checked =      {2}
}

@Article{epj:c34:255,
  author =       {ZEUS \coll, S.~Chekanov \etal},
  title =        {Search for {QCD}-Instanton Induced Events in Deep
                  Inelastic $ep$ Scattering at {HERA}},
  journal =      EPJ,
  year =         {2004},
  volume =       {C~34},
  pages =        {255},
  doi =          {10.1140/epjc/s2004-01735-3},
  eprint =       {hep-ex/0312048},
  submitdate =   {30.07.05-21:30},
  checked =      {2}
}

@Article{pl:b583:231,
  author =       {ZEUS \coll, S.~Chekanov \etal},
  title =        {{Bose--Einstein} Correlations in One and Two
                  Dimensions in Deep Inelastic Scattering},
  journal =      PL,
  year =         {2004},
  volume =       {B~583},
  pages =        {231},
  doi =          {10.1016/j.physletb.2003.12.068},
  eprint =       {hep-ex/0311030},
  submitdate =   {30.07.05-21:33},
  checked =      {2}
}

@Article{pr:d69:012004,
  author =       {ZEUS \coll, S.~Chekanov \etal},
  title =        {Measurement of {$D^{*\pm}$} Production in Deep
                  Inelastic $e^{\pm}p$ Scattering at {HERA}},
  journal =      PR,
  year =         {2004},
  volume =       {D~69},
  pages =        {012004},
  doi =          {10.1103/PhysRevD.69.012004},
  eprint =       {hep-ex/0308068},
  submitdate =   {30.07.05-21:35},
  checked =      {2}
}

@Article{pl:b578:33,
  author =       {ZEUS \coll, S.~Chekanov \etal},
  title =        {Observation of {$K^0_sK^0_s$} Resonances in Deep
                  Inelastic Scattering at {HERA}},
  journal =      PL,
  year =         {2004},
  volume =       {B~578},
  pages =        {33},
  doi =          {10.1016/j.physletb.2003.10.049},
  eprint =       {hep-ex/0308006},
  submitdate =   {30.07.05-21:40},
  checked =      {2}
}

@Article{np:b672:3,
  author =       {ZEUS \coll, S.~Chekanov \etal},
  title =        {Measurement of the Open-Charm Contribution to the
                  Diffractive Proton Structure Function},
  journal =      NP,
  year =         {2003},
  volume =       {B~672},
  pages =        {3},
  doi =          {10.1016/j.nuclphysb.2003.09.001},
  eprint =       {hep-ex/0307068},
  submitdate =   {30.07.05-21:42},
  checked =      {2}
}

@Article{pl:b573:46,
  author =       {ZEUS \coll, S.~Chekanov \etal},
  title =        {Measurement of Deeply Virtual {Compton} Scattering
                  at {HERA}},
  journal =      PL,
  year =         {2003},
  volume =       {B~573},
  pages =        {46},
  doi =          {10.1016/j.physletb.2003.08.048},
  eprint =       {hep-ex/0305028},
  submitdate =   {30.07.05-21:45},
  checked =      {2}
}

@Article{epj:c31:149,
  author =       {ZEUS \coll, S.~Chekanov \etal},
  title =        {Jet Production in Charged Current Deep Inelastic
                  $e^+p$ Scattering at {HERA}},
  journal =      EPJ,
  year =         {2003},
  volume =       {C~31},
  pages =        {149},
  doi =          {10.1140/epjc/s2003-01358-2},
  eprint =       {hep-ex/0306018},
  submitdate =   {30.07.05-21:47},
  checked =      {2}
}

@Article{pr:d68:052004,
  author =       {ZEUS \coll, S.~Chekanov \etal},
  title =        {Search for Resonance Decays to Lepton+Jet at {DESY}
                  {HERA} and Limits on Leptoquarks},
  journal =      PR,
  year =         {2003},
  volume =       {D~68},
  pages =        {052004},
  doi =          {10.1103/PhysRevD.68.052004},
  eprint =       {hep-ex/0304008},
  submitdate =   {30.07.05-21:48},
  checked =      {2}
}

@Article{pl:b565:87,
  author =       {ZEUS \coll, S.~Chekanov \etal},
  title =        {Dijet Angular Distributions in Photoproduction of
                  Charm at {HERA}},
  journal =      PL,
  year =         {2003},
  volume =       {B~565},
  pages =        {87},
  doi =          {10.1016/S0370-2693(03)00752-4},
  eprint =       {hep-ex/0302025},
  submitdate =   {30.07.05-21:50},
  checked =      {2}
}

@Article{pl:b559:153,
  author =       {ZEUS \coll, S.~Chekanov \etal},
  title =        {Search for Single-Top Production in $ep$ Collisions
                  at {HERA}},
  journal =      PL,
  year =         {2003},
  volume =       {B~559},
  pages =        {153},
  doi =          {10.1016/S0370-2693(03)00333-2},
  eprint =       {hep-ex/0302010},
  submitdate =   {30.07.05-21:52},
  checked =      {2}
}

%------------------------------------------------------------------------------
%     Papers published in 2004 (hep/ex)
%------------------------------------------------------------------------------

@Article{np:b700:3,
  author =       {ZEUS \coll, S.~Chekanov \etal},
  title =        {Substructure Dependence of Jet Cross Sections at
                  {HERA} and Determination of $\alpha_{s}$},
  journal =      NP,
  year =         {2004},
  volume =       {B~700},
  pages =        {3},
  doi =          {10.1016/j.nuclphysb.2004.08.049},
  eprint =       {hep-ex/0405065},
  submitdate =   {03.11.04-08:59},
  checked =      {2}
}

@Article{pr:d70:052001,
  replaces =     {desy-03-214},
  author =       {ZEUS \coll, S.~Chekanov \etal},
  title =        {{High-$Q^2$} Neutral Current Cross Section in $e^+p$
                  Deep Inelastic Scattering at $\sqrt{s}=318\gev$},
  journal =      PR,
  year =         {2004},
  volume =       {D~70},
  pages =        {052001},
  doi =          {10.1103/PhysRevD.70.052001},
  eprint =       {hep-ex/0405065},
  submitdate =   {27.06.05-01:43},
  checked =      {2}
}

@Article{pl:b599:173,
  author =       {ZEUS \coll, S.~Chekanov \etal},
  title =        {Measurement of Beauty Production in Deep Inelastic
                  Scattering at {HERA}},
  journal =      PL,
  year =         {2004},
  volume =       {B~599},
  pages =        {173},
  doi =          {10.1016/j.physletb.2004.08.048},
  eprint =       {hep-ex/0405069},
  submitdate =   {27.06.05-01:44},
  checked =      {2}
}

@Article{pr:d69:12004,
  author =       {ZEUS \coll, S.~Chekanov \etal},
  title =        {Measurement of {$D^{* \pm}$} Production in Deep Inelastic 
                  $e^{\pm} p$ Scattering at {DESY} {HERA}},
  journal =      PR,
  year =         {2004},
  volume =       {D~69},
  pages =        {12004},
  submitdate =   {},
  checked =      {2}
}

@Article{epj:c38:29,
  author =       {ZEUS \coll, S.~Chekanov \etal},
  title =        {Search for a Narrow Charmed Baryonic State Decaying
                  to {$D^{*\pm} p^{\mp}$} in $ep$ Collisions at
                  {HERA}},
  journal =      EPJ,
  year =         {2004},
  volume =       {C~38},
  pages =        {29},
  doi =          {10.1140/epjc/s2004-02042-9},
  eprint =       {hep-ex/0409033},
  submitdate =   {30.07.05-20:27},
  checked =      {2}
}

@Article{epj:c38:43,
  author =       {ZEUS \coll, S.~Chekanov \etal},
  title =        {Dissociation of Virtual Photons in Events with a
                  Leading Proton at {HERA}},
  journal =      EPJ,
  year =         {2004},
  volume =       {C~38},
  pages =        {43},
  doi =          {10.1140/epjc/s2004-02047-4},
  eprint =       {hep-ex/0408009},
  submitdate =   {30.07.05-20:29},
  checked =      {2}
}

@Article{pl:b591:7,
  author =       {ZEUS \coll, S.~Chekanov \etal},
  title =        {Evidence for a Narrow Baryonic State Decaying to
                  {$K^0_s-p$} and {$K^0_s-\bar{p}$} in Deep Inelastic
                  Scattering at {HERA}},
  journal =      PL,
  year =         {2004},
  volume =       {B~591},
  pages =        {7},
  doi =          {10.1016/j.physletb.2004.04.024},
  eprint =       {hep-ex/0403051},
  submitdate =   {30.07.05-20:34},
  checked =      {2}
}

@Article{epj:c35:487,
  replaces =     {hep-ex-0404033},
  author =       {ZEUS \coll, S.~Chekanov \etal},
  title =        {The Dependence of Dijet Production on Photon
                  Virtuality in $ep$ Collisions at {HERA}},
  journal =      EPJ,
  year =         {2004},
  volume =       {C~35},
  pages =        {487},
  doi =          {10.1140/epjc/s2004-01885-2},
  eprint =       {hep-ex/0404033},
  submitdate =   {30.07.05-20:37},
  checked =      {2}
}

@Article{np:b695:3,
  author =       {ZEUS \coll, S.~Chekanov \etal},
  title =        {Exclusive Electroproduction of {$J/\psi$} Mesons at
                  {HERA}},
  journal =      NP,
  year =         {2004},
  volume =       {B~695},
  pages =        {3},
  doi =          {10.1016/j.nuclphysb.2004.06.034},
  eprint =       {hep-ex/0404008},
  submitdate =   {30.07.05-20:39},
  checked =      {2}
}

@Article{pl:b595:86,
  author =       {ZEUS \coll, S.~Chekanov \etal},
  title =        {Observation of Isolated High-{$E_T$} Photons in Deep
                  Inelastic Scattering},
  journal =      PL,
  year =         {2004},
  volume =       {B~595},
  pages =        {86},
  doi =          {10.1016/j.physletb.2004.05.033},
  eprint =       {hep-ex/0402019},
  submitdate =   {30.07.05-20:45},
  checked =      {2}
}

@Article{pl:b590:143,
  author =       {ZEUS \coll, S.~Chekanov \etal},
  title =        {Photoproduction of {$D^{*\pm}$} Mesons Associated
                  with a Leading Neutron},
  journal =      PL,
  year =         {2004},
  volume =       {B~590},
  pages =        {143},
  doi =          {10.1016/j.physletb.2004.03.076},
  eprint =       {hep-ex/0401017},
  submitdate =   {30.07.05-20:46},
  checked =      {2}
}

@Article{pl:b591:23,
  author =       {ZEUS \coll, S.~Chekanov \etal},
  title =        {Search for Contact Interactions, Large Extra
                  Dimensions and Finite Quark Radius in $ep$
                  Collisions at {HERA}},
  journal =      PL,
  year =         {2004},
  volume =       {B~591},
  pages =        {23},
  doi =          {10.1016/j.physletb.2004.03.081},
  eprint =       {hep-ex/0401009},
  submitdate =   {30.07.05-20:49},
  checked =      {2}
}


@Article{pl:b610:199,
  author =       {ZEUS \coll, S.~Chekanov \etal},
  title =        {Study of the Pion Trajectory in the Photoproduction
                  of Leading Neutrons at {HERA}},
  journal =      PL,
  year =         {2005},
  volume =       {B~610},
  pages =        {199},
  doi =          {10.1016/j.physletb.2005.01.101},
  eprint =       {hep-ex/0404002},
  submitdate =   {30.07.05-20:41},
  checked =      {2}
}

%------------------------------------------------------------------------------
%     Papers published in 2005 (hep/ex)
%------------------------------------------------------------------------------

@Article{epj:c44:13,
  replaces =     {hep-ex-0505008},
  author =       {ZEUS \coll, S.~Chekanov \etal},
  title =        {Measurement of Inelastic {$J/\psi$} Production in
                  Deep Inelastic Scattering at {HERA}},
  journal =      EPJ,
  year =         {2005},
  volume =       {C~44},
  pages =        {13},
  doi =          {10.1140/epjc/s2005-02346-2},
  eprint =       {hep-ex/0505008},
  submitdate =   {30.07.05-20:06},
  checked =      {2}
}

@Article{epj:c42:1,
  replaces =     {hep-ph-0503274},
  author =       {ZEUS \coll, S.~Chekanov \etal},
  title =        {An {NLO} {QCD} Analysis of Inclusive Cross-Section
                  and Jet-Production Data from the {ZEUS} Experiment},
  journal =      EPJ,
  year =         {2005},
  volume =       {C~42},
  pages =        {1},
  doi =          {10.1140/epjc/s2005-02293-x},
  eprint =       {hep-ph/0503274},
  submitdate =   {30.07.05-20:09},
  checked =      {2}
}

@Article{np:b718:3,
  author =       {ZEUS \coll, S.~Chekanov \etal},
  title =        {Exclusive Electroproduction of $\phi$ mesons at
                  {HERA}},
  journal =      NP,
  year =         {2005},
  volume =       {B~718},
  pages =        {2},
  doi =          {10.1016/j.nuclphysb.2005.04.009},
  eprint =       {hep-ex/0504010},
  submitdate =   {30.07.05-20:11},
  checked =      {2}
}

@Article{epj:c44:183,
  replaces =     {hep-ex-0502007},
  author =       {ZEUS \coll, S.~Chekanov \etal},
  title =        {Multijet Production in Neutral Current Deep
                  Inelastic Scattering at {HERA} and Determination of
                  $\alpha_{s}$},
  journal =      EPJ,
  year =         {2005},
  volume =       {C~44},
  pages =        {183},
  doi =          {10.1140/epjc/s2005-02347-1},
  eprint =       {hep-ex/0502007},
  submitdate =   {30.07.05-20:16},
  checked =      {2}
}

@Article{pl:b610:212,
  author =       {ZEUS \coll, S.~Chekanov \etal},
  title =        {Search for Pentaquarks Decaying to {$\Xi-\pi$} in
                  Deep Inelastic Scattering at {HERA}},
  journal =      PL,
  year =         {2005},
  volume =       {B~610},
  pages =        {212},
  doi =          {10.1016/j.physletb.2005.02.016},
  eprint =       {hep-ex/0501069},
  submitdate =   {30.07.05-20:18},
  checked =      {2}
}

@Article{pl:b632:13,
  replaces =     {hep-ex-0502029},
  author =       {ZEUS \coll, S.~Chekanov \etal},
  title =        {Forward Jet Production in Deep Inelastic $ep$
                  Scattering and Low-$x$ Parton Dynamics at {HERA}},
  journal =      PL,
  year =         {2005},
  volume =       {B~632},
  pages =        {13},
  doi =          {10.1016/j.physletb.2005.09.066},
  eprint =       {hep-ex/0502029},
  submitdate =   {30.07.05-20:20},
  checked =      {2}
}

@Article{epj:c44:463,
  replaces =     {hep-ex-0501070},
  author =       {ZEUS \coll, S.~Chekanov \etal},
  title =        {Search for Lepton-Flavor Violation at {HERA}},
  journal =      EPJ,
  year =         {2005},
  volume =       {C~44},
  pages =        {463},
  doi =          {10.1140/epjc/s2005-02399-1},
  eprint =       {hep-ex-0501070},
  submitdate =   {30.07.05-20:22},
  checked =      {2}
}

@Article{np:b713:3,
  author =       {ZEUS \coll, S.~Chekanov \etal},
  title =        {Study of Deep Inelastic Inclusive and Diffractive
                  Scattering with the {ZEUS} Forward Plug Calorimeter},
  journal =      NP,
  year =         {2005},
  volume =       {B~713},
  pages =        {3},
  doi =          {10.1016/j.nuclphysb.2005.02.001},
  eprint =       {hep-ex/0501060},
  submitdate =   {30.07.05-20:24},
  checked =      {2}
}

@Article{np:b729:492,
  author =       {ZEUS \coll, S.~Chekanov \etal},
  title =        {Inclusive Jet Cross Sections and Dijet Correlations
                  in {$D^{*\pm}$} Photoproduction at {HERA}},
  journal =      NP,
  year =         {2005},
  volume =       {B~729},
  pages =        {492},
  doi =          {10.1016/j.nuclphysb.2005.09.021},
  eprint =       {hep-ex/0507089},
  submitdate =   {24.04.06-17:26},
  checked =      {2}
}

%------------------------------------------------------------------------------
%     Papers published in 2006 (hep/ex)
%------------------------------------------------------------------------------

@Preprint{hep-ex-0602026,
  author =       {ZEUS \coll, S.~Chekanov \etal},
  title =        {Measurement of High-$Q^{2}$ Deep Inelastic Scattering Cross
                  Sections with a Longitudinally Polarised Positron Beam at
                  {HERA}},
  year =         {2006},
  eprint =       {hep-ex/0602026},
  note =         {Accepted by Phys.~Lett.~B},
  submitdate =   {25.05.06-11:53},
  checked =      {2}
}

%------------------------------------------------------------------------------
%     Papers submitted to conferences
%     -> ICHEP2000, Osaka
%------------------------------------------------------------------------------

@Misc{misc:zeus:dis09:335,
  author =       {ZEUS \coll},
  title =        {Measurement of beauty photoproduction from inclusive secondary vertexing at {HERA-II}},
  year =         {2009},
  howpublished = {Abstract 335, Paper Contribution to  XVII International Workshop on Deep-Inelastic Scattering and Related Subjects, Madrid, Spain},
  www =          {http://www-zeus.desy.de/public_results/functiondb.php?id=ZEUS-prel-09-005},
  submitdate =   {},
  checked =      {}
}

@Misc{misc:zeus:ichep98:758,
  author =       {ZEUS \coll},
  title =        {Search for Excited Electrons in $e^{+}p$ Collisions at {HERA}},
  year =         {1998},
  howpublished = {Abstract 758, Paper Contribution to XXIXth International Conference on High Energy Physics ICHEP98, Vancouver, Canada},
  www =          {http://www-zeus.desy.de/conferences/98/ichep98papers/index.html},
  submitdate =   {30.01.02-14:38},
  checked =      {2}
}

@Misc{misc:zeus:eps99:549,
  author =       {ZEUS \coll},
  title =        {Measurement of High {$Q^2$} Neutral Current Deep Inelastic
                  Scattering Cross Sections in $e^-p$ scattering at {HERA}},
  year =         {1999},
  howpublished = {Abstract 549, paper contribution to EPS '99, Tampere, Finland},
  www =          {http://www-zeus.desy.de/physics/phch/conf/tampere_paper.html},
  submitdate =   {14.11.01-19:52},
  checked =      {2}
}

@Misc{misc:zeus:eps99:555,
  author =       {ZEUS \coll},
  title =        {Search for Excited Fermions in $ep$ Collisions at {HERA}},
  year =         {1999},
  howpublished = {Abstract 555, Paper contribution to EPS '99, Tampere, Finland},
  www =          {http://www-zeus.desy.de/physics/phch/conf/tampere_paper.html},
  submitdate =   {06.07.01-11:31},
  checked =      {2}
}

@Misc{misc:zeus:eps99:dvcs,
  author =       {ZEUS~\coll},
  title =        {Observation of Deeply Virtual {Compton} Scattering in $e^+ p$
                  Interactions at {HERA}},
  year =         {1999},
  howpublished = {Paper contribution to International Europhysics Conference on High Energy Physics 99, Tampere, Finland},
  www =          {http://www-zeus.desy.de/physics/phch/conf/tampere_paper.html},
  submitdate =   {07.07.01-11:46},
  checked =      {2}
}

@InProceedings{proc:eps:1999:420,
  replaces =     {misc:zeus:dvcs-talk},
  author =       {P.R.B.~Saull},
  title =        {Prompt Photon Production and Observation of Deeply Virtual
                  {Compton} Scattering},
  editor =       {K.~Huitu, H.~Kurki-Suonio and J.~Maalampi},
  booktitle =    {High Energy Physics 99: Proccedings of the International
                  Europhysics Conference on High Energy Physics, Tampere,
                  Finland, 15-21 July 1999},
  publisher =    {Institute of Physics Publishing},
  address =      {Bristol},
  year =         {2000},
  pages =        {420},
  eprint =       {hepex-0003030},
  submitdate =   {10.07.05-19:58},
  checked =      {2}
}

@Misc{misc:zeus:ichep2000:853,
  author =       {ZEUS \coll},
  title =        {Measurement of Charm Production in {DIS} via Semi-Leptonic
                  Decays with the {ZEUS} Detector at {HERA}},
  year =         {2000},
  howpublished = {Abstract 853, Paper contribution to  XXXth International Conference
                  on High Energy Physics ICHEP2000, Osaka, Japan},
  www =          {http://www-zeus.desy.de/physics/phch/conf/osaka_paper.html},
  submitdate =   {28.11.02-12:51},
  checked =      {2}
}


@Misc{misc:zeus:ichep00:855,
  author =       {ZEUS \coll},
  title =        {$D^{*\pm}$ Production in Deep Inelastic Scattering},
  year =         {2000},
  howpublished = {Abstract 855, Paper Contribution to XXXth International Conference on High Energy
                  Physics CHEP2000, Osaka, Japan},
  www =          {http://www-zeus.desy.de/physics/phch/conf/osaka_paper.html},
  submitdate =   {21.05.02-14:48},
  checked =      {2}
}


@Misc{misc:ichep00:zeus:875,
  author =       {ZEUS \coll},
  title =        {Measurement of the Diffractive Cross Section at {$Q^2< 1 \gev^2$} at {HERA}},
  year =         {2000},
  howpublished = {Abstract 875, Paper Contribution to XXXth International Conference on
                  High Energy Physics ICHEP2000, Osaka, Japan},
  www =          {http://www-zeus.desy.de/physics/phch/conf/osaka_paper.html},
  submitdate =   {30.06.01-22:13},
  checked =      {2}
}

@Misc{misc:zeus:ichep00:878,
  author =       {ZEUS \coll},
  title =        {Exclusive Photoproduction of {$J/\psi$} Mesons},
  year =         {2000},
  howpublished = {Abstract 878, Paper contribution to XXXth International
                  Conference on High Energy Physics ICHEP2000, Osaka, Japan},
  www =          {http://www-zeus.desy.de/physics/phch/conf/osaka_paper.html},
  submitdate =   {21.06.01-10:31},
  checked =      {2}
}

@Misc{misc:zeus:ichep00:879,
  author =       {ZEUS \coll},
  title =        {Exclusive Electroproduction of Charmonium at {HERA}},
  year =         {2000},
  howpublished = {Abstract 879, Paper contribution to XXXth International
                  Conference on High Energy Physics ICHEP2000, Osaka, Japan},
  www =          {http://www-zeus.desy.de/physics/phch/conf/osaka_paper.html},
  submitdate =   {23.06.01-20:25},
  checked =      {2}
}

@Misc{misc:zeus:ichep00:880,
  author =       {ZEUS \coll},
  title =        {Exclusive Electroproduction of $\rho^0$ Mesons with the {ZEUS}
                  Detector at {HERA}},
  year =         {2000},
  howpublished = {Abstract 880, Paper contribution to XXXth International
                  Conference on High Energy Physics ICHEP2000, Osaka, Japan},
  www =          {http://www-zeus.desy.de/physics/phch/conf/osaka_paper.html},
  submitdate =   {21.06.01-10:28},
  checked =      {2}
}

@Misc{misc:zeus:ichep00:884,
  author =       {ZEUS \coll},
  title =        {Proton-Dissociative Diffractive Photoproduction of Vector
                  Mesons at Large $\mathbf{-t}$},
  year =         {2000},
  howpublished = {Abstract 884, Paper Contribution to XXXth International Conference on High Energy
                  Physics ICHEP2000, Osaka, Japan},
  www =          {http://www-zeus.desy.de/physics/phch/conf/osaka_paper.html},
  submitdate =   {15.06.01-11:08},
  checked =      {2}
}

@Misc{cpaper:ichep2000:891,
  Author =	 {ZEUS \coll},
  Title =	 {Measurement of Differential Cross Sections for Dijet
                  Production in Neutral Current {DIS} at High {$Q^2$} and
                  Determination of $\alpha_s$},
  Year =	 {2000},
  Howpublished = {Abstract 891, Paper Contribution to XXXth International Conference on High Energy Physics ICHEP2000, Osaka, Japan},
  www =          {http://www-zeus.desy.de/physics/phch/conf/osaka_paper.html},
  Checked =	 {1}
}

@Misc{misc:zeus:ichep00:894,
  author =       {ZEUS \coll},
  title =        {Differential Dijet Cross Sections in $\gamma p$ Interactions
                  at {HERA}},
  year =         {2000},
  howpublished = {Abstract 894, XXXth International Conference on High Energy
                  Physics, Osaka, Japan, 2000},
  www =          {http://www-zeus.desy.de/physics/phch/conf/osaka_paper.html},
  submitdate =   {24.06.01-17:27},
  checked =      {2}
}

@Misc{misc:zeus:ichep00:1039,
  author =       {ZEUS \coll},
  title =        {Search for Lepton Flavor Violation in $e^+p$ Collisions at
                  {HERA}},
  year =         {2000},
  howpublished = {Abstract~1039, {\slshape 30$^{\text th}$ International Conference on High Energy Physics, Osaka, Japan, (ICHEP2000)}, July 2000},
  www =          {http://www-zeus.desy.de/physics/phch/conf/osaka_paper.html},
  submitdate =   {19.01.01-12:06},
  checked =      {2}
}

@Misc{misc:zeus:ichep00:1040,
  author =       {ZEUS \coll},
  title =        {Search for Excited Fermions in $e^+p$ Collisions at {HERA}},
  year =         {2000},
  howpublished = {Abstract~1040, Paper Contribution to XXXth International Conference on High Energy Physics (ICHEP2000), Osaka, Japan},
  www =          {http://www-zeus.desy.de/physics/phch/conf/osaka_paper.html},
  submitdate =   {02.02.01-09:23},
  checked =      {2}
}


@Misc{misc:zeus:ichep00:1042,
  author =       {ZEUS \coll},
  title =        {Search for Squark Production in $R$-Parity Violating
                  Interactions at {HERA}},
  year =         {2000},
  howpublished = {Abstract~1042, {\slshape 30$^{\text th}$ International Conference
                  on High Energy Physics, Osaka, Japan (ICHEP2000)}, July 2000},
  www =          {http://www-zeus.desy.de/physics/phch/conf/osaka_paper.html},

  submitdate =   {02.02.01-09:26},
  checked =      {2}
}

@Misc{cpaper:ichep2000:1048,
  Author =	 {ZEUS \coll},
  Title =	 {Measurement of the Proton Structure Function {$F_2$} in $e^+p$
                  Collisions at {HERA}},
  Year =	 {2000},
  Howpublished = {Abstract~1048, {\slshape 30$^{\text th}$ International Conference
                  on High Energy Physics, Osaka, Japan (ICHEP2000)}, July 2000},
  www =          {http://www-zeus.desy.de/physics/phch/conf/osaka_paper.html},
  Checked =	 {2}
}

@Misc{misc:zeus:ichep00:1049,
  author =       {ZEUS \coll},
  title =        {Measurement of High-{$Q^2$} Neutral Current Cross Sections in
                  $e^-p$ {DIS} and a First Measurement of the Structure Function
                  {$xF_3$} at {HERA}},
  year =         {2000},
  howpublished = {Abstract~1049, {\slshape 30$^{\text th}$ International Conference
                  on High Energy Physics, Osaka, Japan (ICHEP2000)}, July 2000},
  www =          {http://www-zeus.desy.de/physics/phch/conf/osaka_paper.html},

  submitdate =   {05.02.01-10:08},
  checked =      {2}
}

@InProceedings{proc:dis:2002:3183,
  author =       {S.D.~Robins},
  title =        {{$D^{\ast\pm}$} Production in $e^-p$ and $e^+p$ Deep Inelastic
                  Scattering at {HERA}},
  booktitle =    {10th International Workshop on Deep Inelastic Scattering
                  (DIS2002), Cracow, Poland},
  publisher =    {Acta Physica Polonica B},
  year =         {2002},
  volume =       {33},
  misc =         {10},
  pages =        {3183},
  eprint =       {hep-ex/0205094},
  submitdate =   {07.01.03-15:24},
  checked =      {2}
}

@InProceedings{proc:dis:2000:405,
  replaces =     {misc:kappes:dis2000},
  author =       {A.~Kappes},
  title =        {Study of Deep Inelastic Scattering at High {$Q^2$} with {ZEUS} at {HERA}},
  editor =       {J.A.~Gracey and T.~Greenshaw},
  booktitle =    {Proceedings of the $8^\text{th}$ International Workshop on
                  Deep Inelastic Scattering {(DIS2000)}},
  publisher =    {World Scientific},
  address =      {Singapore},
  year =         {2001},
  pages =        {405-408},
  submitdate =   {30.06.05-20:11},
  checked =      {2}
}

@InProceedings{proc:dis:2000:426,
  replaces =     {misc:kerger:dis2000},
  author =       {R.~Kerger},
  title =        {Lepton Flavour Violation at {HERA}},
  editor =       {J.A.~Gracey and T.~Greenshaw},
  booktitle =    {Proceedings of the $8^\text{th}$ International Workshop on
                  Deep Inelastic Scattering {(DIS2000)}},
  publisher =    {World Scientific},
  address =      {Singapore},
  year =         {2001},
  pages =        {426-429},
  submitdate =   {30.06.05-20:11},
  checked =      {2}
}

@Misc{misc:zeus:eps01:493,
  author =       {ZEUS \coll},
  title =        {{$D^{\ast \pm}$} Production in Deep Inelastic
                  Scattering},
  year =         {2001},
  howpublished = {Abstract 493, Paper contribution to the International Conference on High Energy
                  Physics 2001, Budapest, Hungary},
  www =          {http://www-zeus.desy.de/physics/phch/conf/eps01_paper.html},
  submitdate =   {28.11.02-13:11},
  checked =      {2}
}
@Misc{misc:zeus:eps01:501,
  author =       {ZEUS \coll},
  title =        {Study of Inclusive {$D^{0}$} Photoproduction at {HERA}},
  year =         {2001},
  howpublished = {Abstract 501, Paper contribution to the International Europhysics Conference on High Energy Physics 2001, Budapest, Hungary},
  www =          {http://www-zeus.desy.de/physics/phch/conf/eps01_paper.html},
  submitdate =   {28.11.02-12:46},
  checked =      {2}
}


@Misc{misc:zeus:eps01:605,
  author =       {ZEUS \coll},
  title =        {Search for Lepton-Flavor Violation in $ep$ Collisions at {HERA}},
  year =         {2001},
  howpublished = {Abstract 605, Paper contribution to the International Europhysics
                  Conference on High Energy Physics 01, Budapest, Hungary},
  www =          {http://www-zeus.desy.de/physics/phch/conf/eps01_paper.html},
  submitdate =   {21.06.02-11:21},
  checked =      {2}
}

@Misc{misc:zeus:eps01:607,
  author =       {ZEUS \coll},
  title =        {Search for Excited Fermions in $ep$ Collisions at {HERA}},
  year =         {2001},
  howpublished = {Abstract 607, Paper contribution to International Europhysics Conference on High Energy Physics 2001, Budapest, Hungary},
  www =          {http://www-zeus.desy.de/physics/phch/conf/eps01_paper.html},
  submitdate =   {30.01.02-14:35},
  checked =      {2}
}

@Misc{misc:zeus:eps01:628,
  author =       {ZEUS \coll},
  title =        {The {ZEUS} {NLO} {QCD} Fit to Determine Parton Distribution
                  Functions and $\alpha_s$},
  year =         {2001},
  howpublished = {Abstract 628, Paper Contribution to International Europhysics Conference on High Energy Physics 2001, Budapest, Hungary},
  www =          {http://www-zeus.desy.de/physics/phch/conf/eps01_paper.html},
  submitdate =   {07.11.01-09:34},
  checked =      {2}
}

@Misc{misc:zeus:eps01:630,
  author =       {ZEUS~\coll},
  title =        {Measurement of High-{$Q^2$} Neutral Current Cross Sections in
                  $e^+p$ Deep Inelastic Scattering at {HERA}},
  year =         {2001},
  howpublished = {Abstract 630, Paper Contribution to International Europhysics Conference on High
                  Energy Physics 2001, Budapest, Hungary},
  www =          {http://www-zeus.desy.de/physics/phch/conf/eps01_paper.html},
  submitdate =   {08.11.01-11:38},
  checked =      {2}
}

@Misc{misc:zeus:eps01:636,
  author =       {ZEUS \coll},
  title =        {The {$Q^2$} and {$\overline{E}_T^2$} Dependence of Dijet Cross
                  Sections in $\gamma^*p$ Interactions at {HERA}},
  howpublished = {Abstract 636, Paper Contribution to International Europhysics Conference on High Energy Physics 2001, Budapest, Hungary},
  www =          {http://www-zeus.desy.de/physics/phch/conf/eps01_paper.html},
  submitdate =   {09.08.01-15:13},
  checked =      {2}
}

@Misc{misc:zeus:eps01:644,
  author =       {ZEUS \coll},
  title =        {Measurement of $\phi (1020)$ Meson Production in Neutral
                  Current Deep Inelastic Scattering at {HERA}},
  howpublished = {Abstract 644, Paper Contribution to International Europhysics Conference on High
                  Energy Physics 2001, Budapest, Hungary},
  year =         {2001},
  www =          {http://www-zeus.desy.de/physics/phch/conf/eps01_paper.html},
  submitdate =   {22.05.02-12:43},
  checked =      {2}
}

@Misc{misc:zeus:ichep02:765,
  author =       {ZEUS \coll},
  title =        {A {ZEUS} Next-to-Leading-Order {QCD} Analysis of Data on Deep
                  Inelastic Scattering},
  year =         {2002},
  howpublished = {Abstract 765, Paper contribution to XXXI$^{\text{st}}$ International Conference on High Energy Physics, Amsterdam, Netherlands},
  www =          {http://www-zeus.desy.de/physics/phch/conf/amsterdam_paper.html},
  submitdate =   {10.07.02-19:21},
  checked =      {2}
}

@Misc{misc:zeus:ichep02:910,
  author =       {ZEUS \coll},
  title =        {Study of Multi-Lepton Production in $e^{\pm}p$ interactions at {HERA}},
  year =         {2002},
  howpublished = {Abstract 910, Paper contribution to $XXXI^{\text{ st}}$ International Conference on
                  High Energy Physics, Amsterdam, Netherlands},
  submitdate =   {30.06.04-15:25},
  checked =      {2}
}

@InProceedings{proc:statisticsinpp:2002:197,
  author =       {A.M.~Cooper-Sarkar},
  title =        {Uncertainties on Parton Distribution Functions from the {ZEUS}
                  {NLO} {QCD} Fit to Data on Deep Inelastic Scattering},
  editor =       {M.R.~Whalley and L.~Lyons},
  booktitle =    {Proceedings of the Conference on Advanced Statistical Techniques in Particle Physics},
  organization = {IPPP, University of Durham},
  year =         {2002},
  pages =        {197-205},
  www =          {http://www.ippp.dur.ac.uk/Workshops/02/statistics/proceedings.shtml},
  submitdate =   {01.08.03-11:48},
  checked =      {2}
}

@Misc{misc:zeus:ichep04:229,
  author =       {ZEUS \coll},
  title =        {Observation of Large Rapidity Gap Events in Charged Current
                  Deep Inelastic Scattering at {HERA}},
  howpublished = {Abstract 229, Paper Contribution to International Conf.\ on High Energy Physics (ICHEP),
                  Beijing, China, 2004},
  submitdate =   {27.06.05-00:23},
  checked =      {2}
}

@Misc{misc:zeus:lp2005:254,
  author =       {ZEUS \coll},
  title =        {Measurement of High-{$Q^2$} Deep Inelastic Scattering Cros Sections with Longitudinally Polarised Positron Beams at {HERA}},
  year =         {2005},
  howpublished = {Abstract~254, Paper contribution to {\slshape XXII International Symposium on Lepton-Photon Interactions at High Energy},  Uppsala, Sweden, 30 June - 5 July},
  checked =      {2}
}
%==============================================================================
%
%      2) EXPERIMENTAL METHODS
%      -----------------------
%==============================================================================

%------------------------------------------------------------------------------
%      Blue Book
%------------------------------------------------------------------------------


@Booklet{zeus:1993:bluebook,
  editor =       {ZEUS \coll, U.~Holm},
  title =        {The {ZEUS} Detector},
  howpublished = {Status Report (unpublished)},
  year =         1993,
  address =      {DESY},
  www =          {http://www-zeus.desy.de/bluebook/bluebook.html},
  checked =      {2}
}

%------------------------------------------------------------------------------
%     Detector papers published in 1986
%------------------------------------------------------------------------------

@Article{nukl:31:205,
  author = 	 {D.~Kisielewska \etal},
  title = 	 {Fast Luminosity Monitoring at {HERA}},
  journal = 	 {Nukleonika},
  year = 	 1986,
  volume =	 {31},
  pages =        205,
  note =         {also in Report~DESY-HERA-85-25},
  checked =      {2}
}

%------------------------------------------------------------------------------
%     Detector papers published in 1987
%------------------------------------------------------------------------------

@Article{nim:a257:488,
  author = 	 {E.~Hilger},
  title = 	 {The {ZEUS} Uranium-Scintillator Calorimeter for {HERA}},
  journal = 	 NIM,
  year = 	 1987,
  volume =	 {A~257},
  pages =        488,
  checked =      {2}
}

%------------------------------------------------------------------------------
%     Detector papers published in 1988
%------------------------------------------------------------------------------

@Article{nim:a263:94,
  author =       {ZEUS \coll, Calorimeter group, H.~Tiecke},
  title =        {Performance of a Hadron Test Calorimeter for the
                  {ZEUS} Experiment},
  journal =      NIM,
  year =         1988,
  volume =       {A~263},
  pages =        {94},
  doi =          {10.1016/0168-9002(88)91022-4},
  checked =      {2}
}

@Article{nim:a265:200,
  author =       {R.~Klanner},
  title =        {Test Program for the {ZEUS} Calorimeter},
  journal =      NIM,
  year =         1988,
  volume =       {A~265},
  pages =        {200},
  doi =          {10.1016/0168-9002(88)91072-8},
  checked =      {2}
}

@Article{nim:a265:321,
  author =       {F.W.~Sippach},
  title =        {An Analog {CCD} Pipeline for {ZEUS}},
  journal =      NIM,
  year =         1988,
  volume =       {A~265},
  pages =        {321},
  doi =          {10.1016/0168-9002(88)91086-8},
  checked =      {2}
}

%------------------------------------------------------------------------------
%     Detector papers published in 1989
%------------------------------------------------------------------------------

@Article{nim:a274:134,
  author =       {ZEUS \coll, Calorimeter group, G.~d'Agostini \etal},
  title =        {Experimental Study of Uranium Plastic Scintillator
                  Calorimeters},
  journal =      NIM,
  year =         1989,
  volume =       {A~274},
  pages =        {134},
  doi =          {10.1016/0168-9002(89)90371-9},
  checked =      {2}
}

@Article{nim:a277:42,
  author =       {ZEUS \coll, Calorimeter group, H.~Tiecke \etal},
  title =        {Contribution of Intrinsic and Sampling Fluctuations
                  to the Total Hadronic Energy Resolution},
  journal =      NIM,
  year =         1989,
  volume =       {A~277},
  pages =        42,
  doi =          {10.1016/0168-9002(89)90533-0},
  checked =      {2}
}

@Article{nim:a277:46,
  author =       {ZEUS \coll, A.~Bamberger \etal},
  title =        {Calibration of the {ZEUS} Calorimeter},
  journal =      NIM,
  year =         1989,
  volume =       {A~277},
  pages =        46,
  doi =          {10.1016/0168-9002(89)90534-2},
  checked =      {2}
}

@Article{nim:a279:290,
  author =       {N.~Harnew \etal},
  title =        {Vertex Triggering Using Time Difference Measurements
                  in the {ZEUS} Central Tracking Detector},
  journal =      NIM,
  year =         1989,
  volume =       {A~279},
  pages =        290,
  doi =          {10.1016/0168-9002(89)91096-6},
  checked =      {2}
}

@Article{nim:a283:477,
  author =       {ZEUS \coll, UK group, C.B.~Brooks \etal},
  title =        {Development of the {ZEUS} Central Tracking Detector},
  journal =      NIM,
  year =         1989,
  volume =       {A~283},
  pages =        477,
  doi =          {10.1016/0168-9002(89)91403-4},
  checked =      {2}
}

@Article{nim:a283:781,
  author =       {N.~Harnew \etal},
  title =        {The Technique of {$z$}-Coordinate Determination
                  Using a Time-Difference Measurement for the {ZEUS}
                  Central Tracking Detector},
  journal =      NIM,
  year =         1989,
  volume =       {A~283},
  doi =          {10.1016/0168-9002(89)91457-5},
  pages =        781,
  checked =      {2}
}

@Article{nim:a277:176,
  author =       {A.~Dwurazny \etal},
  title =        {Experimental Study of Electron--Hadron Separation in
                  Calorimeters Using Silicon Diodes},
  journal =      NIM,
  year =         1989,
  volume =       {A~277},
  pages =        176,
  doi =          {10.1016/0168-9002(89)90550-0},
  checked =      {2}
}

%------------------------------------------------------------------------------
%     Detector papers published in 1990
%------------------------------------------------------------------------------

@Article{nim:a289:115,
  author =       {ZEUS \coll, Calorimeter group, U.~Behrens \etal},
  title =        {Test of the {ZEUS} Forward Calorimeter Prototype},
  journal =      NIM,
  year =         1990,
  volume =       {A~289},
  pages =        {115},
  doi =          {10.1016/0168-9002(90)90253-3},
  checked =      {2}
}

@Article{nim:a290:95,
  author =       {ZEUS \coll, Calorimeter group, A.~Andresen \etal},
  title =        {Response of a Uranium-Scintillator Calorimeter to
                  Electrons, Pions and Protons in the Momentum Range
                  {$0.5-10\gev/c$}},
  journal =      NIM,
  year =         1990,
  volume =       {A~290},
  pages =        {95},
  doi =          {10.1016/0168-9002(90)90347-9},
  checked =      {2}
}

@Article{nim:a292:259,
  author =       {ZEUS \coll, Calorimeter group, F.~Barreiro \etal},
  title =        {Measurements of Longitudinal and Transverse Profiles
                  for Hadron Showers in the Range {$10-100\gev$} and
                  Comparisons with {Monte Carlo} Simulations},
  journal =      NIM,
  year =         1990,
  volume =       {A~292},
  pages =        {259},
  doi =          {10.1016/0168-9002(90)90384-I},
  checked =      {2}
}

%------------------------------------------------------------------------------
%     Detector papers published in 1991
%------------------------------------------------------------------------------

@Article{nim:a300:480,
  author =       {I.~Kudla \etal},
  title =        {Test of a Prototype of the {ZEUS} Backing
                  Calorimeter},
  journal =      NIM,
  year =         1991,
  volume =       {A~300},
  pages =        {480},
  doi =          {10.1016/0168-9002(91)90382-Z},
  checked =      {2}
}

@Article{nim:a305:30,
  author =       {C.~Alvisi \etal},
  title =        {The {ZEUS} Vertex Detector: Design and Prototype},
  journal =      NIM,
  year =         1991,
  volume =       {A~305},
  pages =        {30},
  doi =          {10.1016/0168-9002(91)90516-S},
  checked =      {2}
}

@Article{nim:a305:354,
  author =       {B.G.~Bylsma \etal},
  title =        {Optical Readout Components for the {ZEUS} Barrel
                  Calorimeter},
  journal =      NIM,
  year =         1991,
  volume =       {A~305},
  pages =        {354},
  doi =          {10.1016/0168-9002(91)90551-Z},
  checked =      {2}
}

@Article{nim:a305:366,
  author =       {J.~Hartmann \etal},
  title =        {Light Guides for the {ZEUS} Forward and Rear
                  Calorimeters},
  journal =      NIM,
  year =         1991,
  volume =       {A~305},
  pages =        {366},
  doi =          {10.1016/0168-9002(91)90552-2},
  checked =      {2}
}

@Article{nim:a306:474,
  author =       {P.~Dobberstein, F.~Krawczyk and M.~Sch\"afer-Jotter},
  title =        {The Optimization of the Electrostatic Field Inside
                  the {ZEUS} Forward Drift Chambers: Calculations and
                  Measurements},
  journal =      NIM,
  year =         1991,
  volume =       {A~306},
  pages =        {474},
  doi =          {10.1016/0168-9002(91)90041-N},
  checked =      {2}
}

@Article{nim:a306:485,
  author =       {J.~del Peso, E.~Ros},
  title =        {Fast Simulation of Electromagnetic Showers in the
                  {ZEUS} Calorimeter},
  journal =      NIM,
  year =         1991,
  volume =       {A~306},
  pages =        {485},
  doi =          {10.1016/0168-9002(91)90042-O},
  checked =      {2}
}

@Article{nim:a309:77,
  author =       {M.~Derrick \etal},
  title =        {Design and Construction of the {ZEUS} Barrel
                  Calorimeter},
  journal =      NIM,
  year =         1991,
  volume =       {A~309},
  pages =        {77},
  doi =          {10.1016/0168-9002(91)90094-7},
  checked =      {2}
}

@Article{nim:a309:101,
  author =       {A.~Andresen \etal},
  title =        {Construction and Beam Test of the {ZEUS} Forward and
                  Rear Calorimeter},
  journal =      NIM,
  year =         1991,
  volume =       {A~309},
  pages =        {101},
  doi =          {10.1016/0168-9002(91)90095-8},
  checked =      {2}
}

%------------------------------------------------------------------------------
%     Detector papers published in 1992
%------------------------------------------------------------------------------

@Article{nim:a313:126,
  author =       {H.~Abramowicz \etal},
  title =        {Intercalibration of the {ZEUS} High-Resolution and
                  Backing Calorimeters},
  journal =      NIM,
  year =         {1992},
  volume =       {A~313},
  pages =        {126},
  doi =          {10.1016/0168-9002(92)90088-L},
  checked =      {2}
}

@Article{nim:a315:311,
  author =       {J.~Kr\"uger},
  title =        {Calibration of the {ZEUS} Uranium Scintillator
                  Calorimeter},
  journal =      NIM,
  year =         1992,
  volume =       {A~315},
  pages =        {311},
  doi =          {10.1016/0168-9002(92)90720-O},
  checked =      {2}
}

@Article{nim:a315:397,
  author =       {D.G.~Cussans \etal},
  title =        {The Design, Status and Performance of the {ZEUS}
                  Central Tracking Detector Electronics},
  journal =      NIM,
  year =         1992,
  volume =       {A~315},
  pages =        {397},
  doi =          {10.1016/0168-9002(92)90735-M},
  checked =      {2}
}

@Article{nim:a315:431,
  author =       {G.P.~Heath \etal},
  title =        {The {ZEUS} First Level Tracking Trigger},
  journal =      NIM,
  year =         1992,
  volume =       {A~315},
  pages =        {431},
  doi =          {10.1016/0168-9002(92)90741-L},
  checked =      {2}
}

@Article{nim:a320:161,
  author =       {I.~Ambats \etal},
  title =        {Cosmic Ray Tests of the {ZEUS} Barrel Calorimeter
                  Modules},
  journal =      NIM,
  year =         1992,
  volume =       {A~320},
  pages =        {161},
  doi =          {10.1016/0168-9002(92)90775-Y},
  checked =      {2}
}

@Article{nim:a320:449,
  author =       {T.~Ishii \etal},
  title =        {Automatic Test of Photomultiplier Tubes for the
                  {ZEUS} Forward and Rear Calorimeters},
  journal =      NIM,
  year =         1992,
  volume =       {A~320},
  pages =        {449},
  doi =          {10.1016/0168-9002(92)90941-V},
  checked =      {1}
}

@Article{nim:a321:356,
  author =       {A.~Caldwell \etal},
  title =        {Design and Implementation of a High-Precision
                  Readout System for the {ZEUS} Calorimeter},
  journal =      NIM,
  year =         1992,
  volume =       {A~321},
  pages =        {356},
  doi =          {10.1016/0168-9002(92)90413-X},
  checked =      {2}
}

@Article{nim:a323:135,
  author =       {V.~Beitzel \etal},
  title =        {The Transition Radiation Detector for {ZEUS}},
  journal =      NIM,
  year =         1992,
  volume =       {A~323},
  pages =        {135},
  doi =          {10.1016/0168-9002(92)90279-D},
  checked =      {2}
}

@Article{nim:a323:309,
  author =       {M.~Bobrowski \etal},
  title =        {Proportional Counters as Monitoring Detectors of
                  {BAC} Chambers at the {ZEUS} Experiment},
  journal =      NIM,
  year =         1992,
  volume =       {A~323},
  pages =        {309},
  doi =          {10.1016/0168-9002(92)90307-P},
  checked =      {2}
}

@Article{nim:a323:611,
  author =       {U.~Behrens \etal},
  title =        {Quality Control and Calibration of the {ZEUS}
                  Forward and Rear Calorimeters with
                  {$\strut^{60}$}{Co} Sources},
  journal =      NIM,
  year =         1992,
  volume =       {A~323},
  pages =        {611},
  doi =          {10.1016/0168-9002(92)90006-P},
  checked =      {2}
}

@Article{npps:b32:181,
  author =       {B.~Foster \etal},
  title =        {The Performance of the {ZEUS} Central Tracking
                  Detector {$z$}-by-Timing Electronics in a Transputer
                  Based Data Acquisition System},
  journal =      NPPS,
  year =         1993,
  volume =       {B~32},
  pages =        181,
  doi =          {10.1016/0920-5632(93)90023-Y},
  checked =      {2}
}

@Preprint{desy-92-066,
  author = 	 {J.~Andruszk\'ow \etal},
  title = 	 {First Measurement of {HERA} Luminosity by {ZEUS} Lumi Monitor},
  report =	 {DESY-92-066},
  year = 	 1992,
  institution =  {DESY},
  checked =      {2}
}

%------------------------------------------------------------------------------
%     Detector papers published in 1993
%------------------------------------------------------------------------------

@Article{nim:a326:470,
  author =       {F.~Corriveau},
  title =        {The Calculations of the Magnetic Field and Forces in
                  the {ZEUS} Detector},
  journal =      NIM,
  year =         1993,
  volume =       {A~326},
  pages =        {470},
  doi =          {10.1016/0168-9002(93)90847-B},
  checked =      {2}
}

@Article{nim:a332:253,
  author =       {U.~Behrens, L.~Hagge and W.O.~Vogel},
  title =        {The Eventbuilder of the {ZEUS} Experiment},
  journal =      NIM,
  year =         1993,
  volume =       {A~332},
  pages =        {253},
  doi =          {10.1016/0168-9002(93)90767-C},
  checked =      {2}
}

@Article{nim:a332:263,
  author =       {H.~Boterenbrood \etal},
  title =        {A Two-Transputer {VME} Module for Data Acquisition
                  and On-Line Event Selection in {ZEUS}},
  journal =      NIM,
  year =         1993,
  volume =       {A~332},
  pages =        {263},
  doi =          {10.1016/0168-9002(93)90768-D},
  checked =      {2}
}

@Article{nim:a333:342,
  author =       {G.~Abbiendi \etal},
  title =        {The {ZEUS} Barrel and Rear Muon Detector},
  journal =      NIM,
  year =         1993,
  volume =       {A~333},
  pages =        {342},
  doi =          {10.1016/0168-9002(93)91176-N},
  checked =      {2}
}

@Article{nim:a336:23,
  author =       {A.~Bernstein \etal},
  title =        {Beam Tests of the {ZEUS} Barrel Calorimeter},
  journal =      NIM,
  year =         1993,
  volume =       {A~336},
  pages =        {23},
  doi =          {10.1016/0168-9002(93)91078-2},
  checked =      {2}
}

%------------------------------------------------------------------------------
%     Detector papers published in 1994
%------------------------------------------------------------------------------

@Article{nim:a337:512,
  author =       {B.G.~Bylsma \etal},
  title =        {A Fast Cluster Finding Processor for the {ZEUS}
                  Calorimeter},
  journal =      NIM,
  year =         1994,
  volume =       {A~337},
  pages =        {512},
  doi =          {10.1016/0168-9002(94)91121-5},
  checked =      {2}
}

@Article{nim:a338:254,
  author =       {B.~Foster \etal},
  title =        {The Design and Construction of the {ZEUS} Central
                  Tracking Detector},
  journal =      NIM,
  year =         1994,
  volume =       {A~338},
  pages =        {254},
  doi =          {10.1016/0168-9002(94)91313-7},
  checked =      {2}
}

@Article{nim:a339:491,
  author =       {A.F.~Zarnecki},
  title =        {Fast Simulation of Longitudinal Hadron Shower
                  Profiles in the {ZEUS} Calorimeter},
  journal =      NIM,
  year =         1994,
  volume =       {A~339},
  pages =        {491},
  doi =          {10.1016/0168-9002(94)90186-4},
  checked =      {2}
}

@Article{nim:a339:498,
  author =       {U.~Behrens \etal},
  title =        {Calibration of the Forward and Rear {ZEUS}
                  Calorimeter Using Cosmic Ray Muons},
  journal =      NIM,
  year =         1994,
  volume =       {A~339},
  pages =        {498},
  doi =          {10.1016/0168-9002(94)90187-2},
  checked =      {2}
}

@Article{nim:a342:260,
  author =       {K.~O'Shaughnessy \etal},
  title =        {Testing and Installation of {ZEUS} Leading Proton
                  Spectrometer Detector Planes},
  journal =      NIM,
  year =         1994,
  volume =       {A~342},
  pages =        {260},
  doi =          {10.1016/0168-9002(94)91436-2},
  checked =      {2}
}

@Article{nim:a344:335,
  author =       {B.~Bock \etal},
  title =        {Design, Construction and Test Results of the {ZEUS}
                  Forward Tracking Detector},
  journal =      NIM,
  year =         1994,
  volume =       {A~344},
  pages =        {335},
  doi =          {10.1016/0168-9002(94)90082-5},
  checked =      {2}
}

@Article{nim:a345:324,
  author =       {M.~Rost and W.~Weihs},
  title =        {{$30\,\text{MHz}$} Hardware Digital Filter for
                  Signals of the {ZEUS} Forward Tracking Detector},
  journal =      NIM,
  year =         1994,
  volume =       {A~345},
  pages =        {324},
  doi =          {10.1016/0168-9002(94)91009-X},
  checked =      {2}
}

@Article{nim:a348:228,
  author =       {B.~Bednarek \etal},
  title =        {A Study of Aging Effects in Gas Proportional
                  Detectors at the {BAC} Calorimeter of the {ZEUS}
                  Experiment},
  journal =      NIM,
  year =         1994,
  volume =       {A~348},
  pages =        {228},
  doi =          {10.1016/0168-9002(94)90735-8},
  checked =      {2}
}

@Article{nim:a349:106,
  author =       {C.~Zeitnitz and T.A.~Gabriel},
  title =        {The {GEANT}-{CALOR} Interface and Benchmark
                  Calculations of {ZEUS} Test Calorimeters},
  journal =      NIM,
  year =         1994,
  volume =       {A~349},
  pages =        {106},
  doi =          {10.1016/0168-9002(94)90613-0},
  checked =      {2}
}

%------------------------------------------------------------------------------
%     Detector papers published in 1995
%------------------------------------------------------------------------------

@Article{nim:a354:296,
  author =       {D.~Acosta \etal},
  title =        {A Scintillating Fiber Design for a {ZEUS} Barrel
                  Calorimeter Shower Maximum Detector},
  journal =      NIM,
  year =         1995,
  volume =       {A~354},
  pages =        296,
  doi =          {10.1016/0168-9002(94)01108-7},
  checked =      {1}
}

@Article{nim:a354:479,
  author =       {S.~Bhadra \etal},
  title =        {Test of a Forward Neutron Calorimeter for the {ZEUS}
                  Experiment at {HERA}},
  journal =      NIM,
  year =         1995,
  volume =       {A~354},
  pages =        {479},
  doi =          {10.1016/0168-9002(94)01027-7},
  checked =      {2}
}

@Article{nim:a355:278,
  author =       {W.H.~Smith \etal},
  title =        {The {ZEUS} Calorimeter First Level Trigger},
  journal =      NIM,
  year =         1995,
  volume =       {A~355},
  pages =        {278},
  doi =          {10.1016/0168-9002(94)01163-X},
  checked =      {2}
}

@Article{nim:a362:277,
  author =       {D.G.~Cussans and H.F.~Heath},
  title =        {Optimization of the Pulse Arrival Time Determination
                  in the {ZEUS} Central Tracking Detector {FADC}
                  System},
  journal =      NIM,
  year =         1995,
  volume =       {A~362},
  pages =        {277},
  doi =          {10.1016/0168-9002(95)00354-1},
  checked =      {2}
}

@Article{nim:a365:508,
  author =       {H.~Abramowicz, A.~Caldwell and R.~Sinkus},
  title =        {Neural Network Based Electron Identification in the
                  {ZEUS} Calorimeter},
  journal =      NIM,
  year =         1995,
  volume =       {A~365},
  pages =        508,
  doi =          {10.1016/0168-9002(95)00612-5},
  checked =      {2}
}

@Preprint{desy-95-236,
  author = 	 {L.A.T.~Bauerdick \etal},
  title = 	 {The Physics Analysis Environment of the {ZEUS} Experiment},
  number =	 {DESY-95-236},
  year = 	 1995,
  institution =  {DESY},
  type =         {Report},
  checked =      {1}
}

%------------------------------------------------------------------------------
%     Detector papers published in 1996
%------------------------------------------------------------------------------

@Article{nim:a368:364,
  author =       {I.~Ambats \etal},
  title =        {Studies of Hadron-Electron Separators for the {ZEUS}
                  Barrel Calorimeter},
  journal =      NIM,
  year =         1996,
  volume =       {A~368},
  pages =        {364},
  doi =          {10.1016/0168-9002(95)00621-4},
  checked =      {2}
}

@Article{nim:a378:472,
  author =       {M.~De Giorgi \etal},
  title =        {The {LST} Analog Read-Out System of the {ZEUS} Muon
                  Detector},
  journal =      NIM,
  year =         1996,
  volume =       {A~378},
  pages =        {472},
  doi =          {10.1016/0168-9002(96)00083-6},
  checked =      {2}
}

@Article{nim:a379:542,
  author =       {ZEUS \coll, R.~Carlin \etal},
  title =        {The Trigger of {ZEUS}, a Flexible System for a High
                  Bunch Crossing Rate Collider},
  journal =      NIM,
  year =         1996,
  volume =       {A~379},
  pages =        {542},
  doi =          {10.1016/0168-9002(96)00559-1},
  checked =      {1}
}

@Article{nim:a382:419,
  author =       {A.~Bamberger \etal},
  title =        {The Presampler for the Forward and Rear Calorimeter
                  in the {ZEUS} Detector},
  journal =      NIM,
  year =         1996,
  volume =       {A~382},
  pages =        {419},
  doi =          {10.1016/S0168-9002(96)00776-0},
  checked =      {2}
}

@Article{nim:b119:253,
  author =       {K.~Piotrzkowski},
  title =        {Measurement of the Longitudinal Polarization of the
                  {HERA} Electron Beam Using Crystals and the {ZEUS}
                  Luminosity Monitor},
  journal =      NIM,
  year =         1996,
  volume =       {B~119},
  pages =        {253},
  doi =          {10.1016/0168-583X(96)00314-X},
  checked =      {2}
}

%------------------------------------------------------------------------------
%     Detector papers published in 1997
%------------------------------------------------------------------------------

@Article{nim:a391:360,
  author =       {R.~Sinkus and T.~Voss},
  title =        {Particle Identification with Neural Networks Using a
                  Rotational Invariant Moment Representation},
  journal =      NIM,
  year =         1997,
  volume =       {A~391},
  pages =        {360},
  doi =          {10.1016/S0168-9002(97)00524-X},
  checked =      {2}
}

@Article{nim:a392:51,
  author =       {B.~Bednarek \etal},
  title =        {Anode Wire Ageing in Proportional Detectors at the
                  {BAC} Calorimeter of the {ZEUS} Experiment},
  journal =      NIM,
  year =         1997,
  volume =       {A~392},
  pages =        {51},
  doi =          {10.1016/S0168-9002(97)00215-5},
  checked =      {2}
}

@Article{nim:a394:121,
  author =       {ZEUS \coll, FNC group, S.~Bhadra \etal},
  title =        {Design and Test of a Forward Neutron Calorimeter for
                  the {ZEUS} Experiment},
  journal =      NIM,
  year =         1997,
  volume =       {A~394},
  pages =        {121},
  doi =          {10.1016/S0168-9002(97)00647-5},
  checked =      {2}
}

@Article{nim:a396:320,
  author =       {D.S.~Bailey \etal},
  title =        {The Design and Performance of the {ZEUS} Central
                  Tracking Detector {$Z$}-by-Timing System},
  journal =      NIM,
  year =         1997,
  volume =       {A~396},
  pages =        {320},
  doi =          {10.1016/S0168-9002(97)00790-0},
  checked =      {2}
}

@Article{nim:a401:63,
  author =       {A.~Bamberger \etal},
  title =        {The Small Angle Rear Tracking Detector of {ZEUS}},
  journal =      NIM,
  year =         1997,
  volume =       {A~401},
  pages =        63,
  doi =          {10.1016/S0168-9002(97)01029-2},
  checked =      {2}
}

@TechReport{tech:mvd:prc9701,
  author =       {ZEUS \coll},
  title =        {A Microvertex Detector for {ZEUS}},
  organization = {DESY},
  year =         {1997},
  report =       {DESY PRC 97/01},
  type =         {Proposal},
  note =         {Also as internal ZEUS Note ZEUS-97-006},
  submitdate =   {11.09.03-13:18},
  checked =      {2}
}


@Preprint{desy-prc-97-02,
  author = 	 {ZEUS \coll},
  title = 	 {A Forward Plug Calorimeter for the {ZEUS} Detector},
  number =	 {DESY-PRC-97-02},
  year = 	 1997,
  institution =  {DESY},
  type =         {Proposal},
  checked =      {1}
}


@TechReport{tech:stt:prc9808,
  author =       {ZEUS \coll},
  title =        {A Straw-Tube Tracker for {ZEUS}},
  organization = {DESY},
  year =         {1998},
  report =       {DESY PRC 98-08},
  type =         {Proposal},
  submitdate =   {18.09.01-14:38},
  checked =      {2}
}

%------------------------------------------------------------------------------
%     Detector papers published in 1999
%------------------------------------------------------------------------------

@Article{nim:a435:34,
  author =       {A.~Garfagnini},
  title =        {The {ZEUS} Microvertex Detector},
  journal =      NIM,
  year =         1999,
  volume =       {A~435},
  pages =        {34},
  doi =          {10.1016/S0168-9002(99)00583-5},
  checked =      {1}
}

@Article{nim:a436:281,
  author =       {T.~Fusayasu and K.~Tokushuku},
  title =        {Analog Readout Modules for the {ZEUS} Microvertex
                  Detector},
  journal =      NIM,
  year =         1999,
  volume =       {A~436},
  pages =        {281},
  doi =          {10.1016/S0168-9002(99)00634-8},
  checked =      {1}
}

@Article{nim:a438:472,
  author =       {A.~Quadt \etal},
  title =        {The Design and Performance of the {ZEUS} Central
                  Tracking Detector Second Level Trigger},
  journal =      NIM,
  year =         1999,
  volume =       {A~438},
  pages =        {472},
  doi =          {10.1016/S0168-9002(99)00826-8},
  checked =      {1}
}

%------------------------------------------------------------------------------
%     Detector papers published in 2000
%------------------------------------------------------------------------------

@Article{nim:a447:44,
  author =       {C.~Coldewey},
  title =        {The {ZEUS} Microvertex Detector},
  journal =      NIM,
  year =         2000,
  volume =       {A~447},
  pages =        {44},
  doi =          {10.1016/S0168-9002(00)00171-6},
  checked =      {1}
}

@Article{nim:a450:235,
  author =       {ZEUS \coll, FPC group, A.~Bamberger \etal},
  title =        {The {ZEUS} Forward Plug Calorimeter with Lead
                  Scintillator Plates and {WLS} Fiber Readout},
  journal =      NIM,
  year =         2000,
  volume =       {A~450},
  pages =        {235},
  doi =          {10.1016/S0168-9002(00)00274-6},
  checked =      {1}
}

@Preprint{hep-ex-0011080,
  author = 	 {S.D.~Paganis},
  title = 	 {A Luminosity Spectrometer for the {ZEUS} Experiment
                  at {HERA}},
  eprint =       {hep-ex/0011080},
  year =         {2000},
  note =         {talk at {\slshape 9$^\text{th}$ Int.\ Conf.\ on Calorimetry in
                  Particle Physics, Annecy, France, Oct.~2000}},
  checked =      {1}
}

@Article{nim:a453:89,
  author =       {E.N.~Koffeman, for the ZEUS MVD group},
  title =        {A Silicon Micro Vertex Detector for the {ZEUS}
                  Experiment},
  journal =      NIM,
  year =         2000,
  volume =       {A~453},
  pages =        {89},
  doi =          {10.1016/S0168-9002(00)00611-2},
  checked =      {1}
}

@Article{nim:a453:149,
  author =       {C.~Coldewey, for the ZEUS MVD group},
  title =        {Test of Silicon Strip Detectors for the {ZEUS}
                  Microvertex Detector},
  journal =      NIM,
  year =         2000,
  volume =       {A~453},
  pages =        {149},
  doi =          {10.1016/S0168-9002(00)00621-5},
  checked =      {1}
}

@Article{nim:a453:230,
  author =       {F.~Goebel, for the ZEUS \coll},
  title =        {Performance of the {ZEUS} Forward Plug Calorimeter},
  journal =      NIM,
  year =         2000,
  volume =       {A~453},
  pages =        {230},
  doi =          {10.1016/S0168-9002(00)00636-7},
  checked =      {1}
}

%------------------------------------------------------------------------------
%     Detector papers published in 2001
%------------------------------------------------------------------------------

@Article{acpp:b32:2025,
  author =       {J.~Andruszk\'ow \etal},
  title =        {Luminosity Measurement in the {ZEUS} Experiment},
  journal =      AcPP,
  year =         {2001},
  volume =       {B~32},
  pages =        {2025},
  submitdate =   {23.11.01-17:42},
  checked =      {1}
}

%------------------------------------------------------------------------------
%     Detector papers published in 2003
%------------------------------------------------------------------------------

@Article{nim:a505:663,
  author =       {D.~Dannheim \etal},
  title =        {Design and Tests of the Silicon Sensors for the
                  {ZEUS} Micro Vertex Detector},
  journal =      NIM,
  year =         {2003},
  volume =       {A~505},
  pages =        {663},
  doi =          {10.1016/S0168-9002(03)00618-1},
  eprint =       {hep-ex/0212026},
  submitdate =   {11.09.03-15:14},
  checked =      {2}
}

@Unpublished{upub:tapper:calibcal,
  author =       {A.D.~Tapper},
  title =        {Calibration of the {ZEUS} Calorimeter for Hadrons and Jets},
  note =         {Talk Given at the Workshop on Energy Calibration of the
                  {ATLAS} Calorimeter, 21-24 July 2002},
  submitdate =   {15.10.03-11:15},
  checked =      {2}
}

%------------------------------------------------------------------------------
%     Detector papers published in 2005
%------------------------------------------------------------------------------

@Preprint{physics-0512153,
  author =       {M.~Helbich \etal},
  title =        {The Spectrometer System for Measuring {ZEUS} Luminosity at
                  {HERA}},
  year =         {2005},
  eprint =       {physics/0512153},
  note =         {Submitted to Nucl. Inst. Meth.},
  submitdate =   {17.01.06-19:10},
  checked =      {2}
}

%------------------------------------------------------------------------------
%     Detector papers published in 2006
%------------------------------------------------------------------------------

@Article{nim:a565:572,
  replaces =     {physics-0512153},
  author =       {M.~Helbich \etal},
  title =        {The Spectrometer System for Measuring {ZEUS}
                  Luminosity at {HERA}},
  journal =      NIM,
  year =         {2006},
  volume =       {A~565},
  pages =        {572},
  doi =          {10.1016/j.nima.2006.06.049},
  eprint =       {physics/0512153},
  submitdate =   {27.11.08-15:30},
  checked =      {2}
}

%------------------------------------------------------------------------------
%     Detector papers published in 2007
%------------------------------------------------------------------------------
@Article{nim:a581:656,
  author =       {A.~Polini \etal},
  title =        {The design and performance of the {ZEUS} microvertex
                  detector},
  journal =      NIM,
  year =         {2007},
  volume =       {A~581},
  pages =        {656},
  doi =          {10.1016/j.nima.2007.08.167},
  eprint =       {0708.3011},
  submitdate =   {03.10.08-14:06},
  checked =      {2}
}


%==============================================================================
%
%      3) THESES
%      ---------
%==============================================================================
@Thesis{thesis:roloff:2011,
  author =       {P.~Roloff},
  title =        {{Measurement of charm and beauty production in deep
                  inelastic scattering at {HERA}}},
  thesistype =   {Ph.D. Thesis},
  school =       {Hamburg University},
  address =      {Hamburg, Germany},
  year =         {2011},
  report =       {DESY-THESIS-2011-049},
  submitdate =   {05.04.11-09:26},
  checked =      {2}
}

@Thesis{thesis:libov:2012,
  author =       {V.~Libov},
  title =        {Measurement of charm and beauty production in deep
                  inelastic scattering at {HERA} and test beam studies of {ATLAS} pixel sensors},
  thesistype =   {Ph.D. Thesis},
  school =       {Hamburg University},
  address =      {Hamburg, Germany},
  year =         {2013},
  report =       {DESY-THESIS-2013-030},
  submitdate =   {},
  checked =      {}
} 

@Thesis{thesis:viazlo:2012,
  author =       {O.~Viazlo},
  title =        {Measurement of beauty and charm cross sections at
                  high-{$Q^2$} with the {ZEUS} experiment at the {HERA}
                  collider},
  thesistype =   {Master Thesis},
  school =       {Kyiv University},
  address =      {Kyiv, Ukraine},
  year =         {2012},
  submitdate =   {},
  checked =      {}
}

@Thesis{thesis:yagues:2008,
  author =       {A.G.~Yag\"ues Molina},
  title =        {Study of Beauty Photoproduction with the {ZEUS} Experiment at the Electron-Proton Collider {HERA}},
  thesistype =   {Ph.D. Thesis},
  school =       {Humboldt University},
  address =      {Berlin, Germany},
  year =         {2008},
  report =       {ID:6561},
  www =          {},
  submitdate =   {17.08.10-09:26},
  checked =      {2}
}

@Thesis{thesis:schoenberg:2010,
  author =       {V.~Sch\"onberg},
  title =        {Measurement of beauty and charm photoproduction
                  using inclusive secondary vertexing with the {ZEUS}
                  detector at {HERA}},
  thesistype =   {Ph.D.\ Thesis},
  school =       {Universit\"at Bonn},
  address =      {Bonn, Germany},
  year =         {2010},
  report =       {BONN-IR-10-05},
  www =          {http://brock.physik.uni-bonn.de/zeus_pub.php},
  submitdate =   {05.05.10-09:26},
  checked =      {2}
}

@Thesis{thesis:juengst:2010,
  author =       {M.~J\"ungst},
  title =        {Measurement of beauty and charm cross sections in
                  photoproduction using decays into electrons with
                  {ZEUS} at {HERA}},
  thesistype =   {Ph.D. Thesis},
  school =       {Universit\"at Bonn},
  address =      {Bonn, Germany},
  year =         {2010},
  report =       {BONN-IR-10-03},
  www =          {http://brock.physik.uni-bonn.de/zeus_pub.php},
  submitdate =   {05.05.10-09:26},
  checked =      {2}
}

@Thesis{thesis:shehzadi:2011,
  author =       {R.~Shehzadi},
  title =        {Measurement of beauty production in deep inelastic
                  scattering at {HERA} using decays into electrons},
  thesistype =   {Ph.D.\ Thesis},
  school =       {Universit\"at Bonn},
  address =      {Bonn, Germany},
  year =         {2011},
  report =       {BONN-IR-11-01},
  www =          {http://brock.physik.uni-bonn.de/zeus_pub.php},
  submitdate =   {05.05.10-09:26},
  checked =      {2}
}
 
@Thesis{thesis:bartsch:2007,
  author =       {D.~Bartsch},
  title =        {Energy-loss measurement with the {ZEUS} Central
                  Tracking Detector},
  thesistype =   {Ph.D.\ Thesis},
  school =       {Universit\"at Bonn},
  address =      {Bonn, Germany},
  year =         {2007},
  report =       {BONN-IR-2007-05},
  www =          {http://brock.physik.uni-bonn.de/zeus_pub.php},
  submitdate =   {},
  checked =      {}
}
 
@Thesis{quadt:phd:1997,
  Author =       {A.~Quadt},
  Title =        {Measurement and {QCD} Analysis of the Proton
                  Structure Function {$F_2$} from the 1994 {HERA} Data
                  Using the {ZEUS} Detector},
  thesistype =   {Ph.D.\ Thesis},
  Year =         {1997},
  School =       {University of Oxford},
  Report =       {RAL-TH-97-004},
  Checked =      {1}
}


@Thesis{thesis:deppe:1999,
  author =       {O.~Deppe},
  title =        {Measurement of $D^{\ast\,\pm}$ Electroproduction at
                  {HERA}},
  thesistype =   {Ph.D.\ Thesis},
  school =       {Hamburg University},
  address =      {Hamburg (Germany)},
  year =         {1999},
  report =       {DESY-THESIS-2000-006},
  submitdate =   {02.05.01-15:21},
  checked =      {2}
}

@Thesis{thesis:kruger:1992,
  author =       {J.~Kr\"uger},
  title =        {The Uranium Scintillator Calorimeter for the {ZEUS}
                  Detector at the Electron - Proton collider {HERA}:
                  The Heart of {ZEUS}},
  thesistype =   {Habilitation Thesis},
  school =       {Universit\"at Hamburg},
  year =         {1992},
  report =       {DESY-F35-92-02},
  submitdate =   {11.01.01-14:40},
  checked =      {1}
}


@Thesis{thesis:bailey:1996,
  author =       {D.S.~Bailey},
  title =        {The Performance of the {ZEUS} {CTD} Z--by--Timing System and a
                  Study of Charm Production at {HERA}},
  thesistype =   {Ph.D.\ Thesis},
  school =       {University of Oxford},
  year =         {1996},
  submitdate =   {12.12.02-15:11},
  checked =      {2}
}

@Thesis{thesis:muchorowski:1998,
  author =       {K.~Muchorowski},
  title =        {Analysis of Exclusive $\rho^0$ Production in Deep
                  Inelastic $ep$ Scattering at 300 \gev Centre-of-mass
                  Energy (Experiment {ZEUS} at {HERA} Accelarator)},
  thesistype =   {Ph.D.\ Thesis},
  school =       {Warsaw University},
  address =      {Warsaw, Poland},
  year =         {1998},
  submitdate =   {12.06.02-22:30},
  checked =      {2}
}


@Thesis{thesis:riveline:1998,
  author =       {M.~Riveline},
  title =        {Probing the Parton Evolution in DIS at Low $x_{\text{Bj}}$ using
                  Jet Observables},
  thesistype =   {Ph.D.\ Thesis},
  school =       {McGill University},
  address =      {Montreal, Qu\'ebec},
  year =         {1999},
  report =       {DESY-THESIS-1999-005},
  submitdate =   {25.01.01-14:55},
  checked =      {1}
}

@Thesis{thesis:kasprzak:1994,
  author =       {M.~Kasprzak},
  title =        {Inclusive Properties of Diffractive and Non-diffractive
                  Photoproduction at {HERA}},
  thesistype =   {Ph.D.\ Thesis},
  school =       {Warsaw University},
  address =      {Warsaw, Poland},
  year =         {1996},
  report =       {DESY F35D-96-16},
  institution =  {DESY},
  submitdate =   {26.01.01-12:07},
  checked =      {1}
}

@Thesis{thesis:adamczyk:1999,
  author =       {L.~Adamczyk},
  title =        {Vector Meson Photoproduction at Large Momentum Transfer at
                  {HERA}},
  thesistype =   {Ph.D.\ Thesis},
  school =       {University of Mining and Metallurgy},
  address =      {Cracow, Poland},
  year =         {1999},
  report =       {DESY-THESIS-1999-045},
  institution =  {DESY},
  submitdate =   {26.01.01-12:11},
  checked =      {1}
}

@Thesis{thesis:silverstein:1996,
  author =       {S.B.~Silverstein},
  title =        {A Search for Nonresonant Effects of Leptoquarks in
                  Electron-Proton Collisions},
  thesistype =   {Ph.D.\ Thesis},
  school =       {Wisconsin University, Madison},
  year =         {1996},
  note =         {unpublished},
  submitdate =   {07.05.01-15:18},
  checked =      {1}
}

@Thesis{thesis:tuning:2001,
  author =       {N.~Tuning},
  title =        {Proton Structure Functions at {HERA}},
  thesistype =   {Ph.D.\ Thesis},
  school =       {Amsterdam University},
  year =         {2001},
  submitdate =   {24.08.01-13:41},
  checked =      {1}
}

@Thesis{thesis:sinkus:1996,
  author =       {R.~Sinkus},
  title =        {Measurement of the Proton Structure Function $F_2$
                  from the 1994 {HERA} Data using a Neural Network for
                  the Identification of the Scattered Lepton},
  thesistype =   {Ph.D.\ Thesis},
  school =       {Hamburg University},
  year =         {1994},
  submitdate =   {22.08.01-15:48},
  checked =      {1}
}

@Thesis{thesis:cole:1999,
  author =       {J.E.~Cole},
  title =        {Open Charm Production in Deep Inelastic Diffractive $ep$
                  Scattering at {HERA}},
  thesistype =   {Ph.D.\ Thesis},
  school =       {University of London},
  year =         {1999},
  report =       {RAL-TH-1999-008},
  submitdate =   {16.08.01-11:46},
  checked =      {1}
}

@Thesis{thesis:hall-wilton:1999,
  author =       {Richard Hall-Wilton},
  title =        {Diffractive and Non-Diffractive Charm Production in Deep
                  Inelastic Scattering at {HERA}},
  thesistype =   {Ph.D.\ Thesis},
  school =       {University of Bristol},
  year =         {1999},
  report =       {RAL-TH-1999-013},
  submitdate =   {16.08.01-11:19},
  checked =      {1}
}

@Thesis{thesis:nm:1999,
  author =       {Neil Macdonald},
  title =        {Structure of the Virtual Photon at {HERA}},
  thesistype =   {Ph.D.\ Thesis},
  school =       {Glasgow},
  year =         {1999},
  submitdate =   {09.08.01-18:14},
  checked =      {1}
}

@Thesis{thesis:mrs:1998,
  author =       {Mark Sutton},
  title =        {Charm in Dijet Photoproduction at {HERA}},
  thesistype =   {Ph.D.\ Thesis},
  school =       {UCL},
  year =         {1998},
  submitdate =   {09.08.01-17:32},
  checked =      {1}
}

@Thesis{thesis:briskin:1998,
  author =       {G.M.~Briskin},
  title =        {Diffractive Dissociation in $ep$ Deep Inelastic Scattering},
  thesistype =   {Ph.D.\ Thesis},
  school =       {Tel Aviv University},
  year =         {1998},
  report =       {DESY-THESIS 1998-036},
  submitdate =   {23.07.01-17:45},
  checked =      {2}
}


@Thesis{thesis:verkerke:1998,
  author =       {W.~Verkerke},
  title =        {Measurement of Charm Production Deep Inelastic Scattering},
  thesistype =   {Ph.D.\ Thesis},
  school =       {University of Amsterdam},
  year =         {1998},
  submitdate =   {08.11.02-15:35},
  checked =      {1}
}

@Thesis{thesis:wodarczyk:1999,
  author =       {M.~Wodarczyk},
  title =        {Measurement of the $F_2$ Structure Function of the Proton at
                  {HERA} from 1996 and 1997 {ZEUS} Data},
  thesistype =   {Ph.D.\ Thesis},
  school =       {University of Wisconsin},
  year =         {1999},
  submitdate =   {26.03.03-14:23},
  checked =      {2}
}

@Thesis{thesis:wing:1999,
  author =       {M.~Wing},
  title =        {The Study of Heavy Quark Production in High $E_T$
                  Photoproduction at {HERA} using the {ZEUS} Detector},
  thesistype =   {Ph.D.\ Thesis},
  school =       {University College London},
  year =         {1999},
  submitdate =   {18.12.02-17:51},
  checked =      {2}
}

@Thesis{thesis:barret:2000,
  author =       {Olivier Barret},
  title =        {Diffractive {$D^*$} Production in Deep Inelastic $ep$
                  Scattering at {HERA}},
  thesistype =   {Ph.D.\ Thesis},
  school =       {University of Bristol},
  address =      {Bristol, United Kingdom},
  year =         {2000},
  submitdate =   {07.03.02-16:59},
  checked =      {2}
}

@Thesis{thesis:sabetfakhri:2000,
  author =       {A.~Sabetfakhri},
  title =        {A Search for Electron and Neutrino Compositeness in $ep$
                  Collisions at {HERA}},
  thesistype =   {Ph.D.\ Thesis},
  school =       {University of Toronto},
  year =         {2000},
  submitdate =   {31.01.02-09:58},
  checked =      {2}
}

@Thesis{thesis:sighem:2000,
  author =       {A.~van~Sighem},
  title =        {Charged Current Deep Inelastic Scattering at {HERA}},
  thesistype =   {Ph.D.\ Thesis},
  school =       {University of Amsterdam},
  year =         {2000},
  submitdate =   {28.10.03-16:33},
  checked =      {2}
}


@Thesis{thesis:abe:2001,
  author =       {T.~Abe},
  title =        {Measurement of Exclusive {$J/\psi$}
                  Electroproduction in High-Energy $ep$ Collisions at
                  {HERA}},
  thesistype =   {Ph.D.\ Thesis},
  school =       {University of Tokyo},
  year =         {2001},
  report =       {KEK Report 2001-13},
  submitdate =   {12.06.01-15:08},
  checked =      {2}
}

@Thesis{thesis:chapin:2001,
  author =       {D.~Chapin},
  title =        {A Measurement of Dijet Production in Neutral Current Deep
                  Inelastic Scattering with {ZEUS} at {HERA}},
  thesistype =   {Ph.D.\ Thesis},
  school =       {University of Wisconsin, Madison},
  year =         {2001},
  note =         {unpublished},
  submitdate =   {16.12.02-19:39},
  checked =      {2}
}

@Thesis{thesis:goebel:2001,
  author =       {F.~Goebel},
  title =        {Measurement of the Diffractive contribution to the {DIS} Cross
                  Section using the {ZEUS} Forward Plug Calorimeter},
  thesistype =   {Ph.D.\ Thesis},
  school =       {Universit\"at Hamburg},
  year =         {2001},
  report =       {DESY-THESIS-01-049},
  submitdate =   {12.06.03-12:33},
  checked =      {2}
}


@Thesis{thesis:heaphy:2001,
  author =       {E.A.~Heaphy},
  title =        {Jet Photoproduction and Photon Structure},
  thesistype =   {Ph.D.\ Thesis},
  school =       {University College London},
  year =         {2001},
  submitdate =   {23.07.01-17:42},
  checked =      {2}
}

@Thesis{thesis:amaya:2001,
  author =       {A.~L\'opez-Dur\'an~Viani},
  title =        {Measurement of the Proton Structure Function {$xF_3$} in High
                  {$Q^2$} {DIS} Events Using {ZEUS} Data},
  thesistype =   {Ph.D.\ Thesis},
  school =       {Humboldt-Universit\"{a}t zu Berlin},
  address =      {Berlin (Germany)},
  year =         {2001},
  report =       {DESY-THESIS-2001-056},
  submitdate =   {18.09.01-15:40},
  checked =      {2}
}

@Thesis{thesis:moritz:2001,
  replaces =     {thesis:moritz:2001},
  author =       {M.~Moritz},
  title =        {Measurement of the High {$Q^2$} Neutral Current {DIS} Cross
                  Section at {HERA}},
  thesistype =   {Ph.D.\ Thesis},
  school =       {Universit\"at Hamburg},
  report =       {DESY-THESIS-02-009},
  year =         {2001},
  submitdate =   {10.10.03-18:42},
  checked =      {2}
}

@Thesis{thesis:redondo:2001,
  author =       {I.~Redondo},
  title =        {Charm Electroproduction at {HERA}},
  thesistype =   {Ph.D.\ Thesis},
  school =       {Universidad Aut\'onoma de Madrid},
  year =         {2001},
  submitdate =   {17.12.02-18:59},
  checked =      {2}
}

@Thesis{thesis:tapper:2001,
  author =       {A.D.~Tapper},
  title =        {Measurement of Charged Current Deep Inelastic
                  Scattering Cross Sections Using the {ZEUS} Detector at 
                  {HERA}},
  thesistype =   {Ph.D.\ Thesis},
  school =       {University of London},
  year =         {2001},
  note =         {(unpublished)},
  submitdate =   {18.02.02-13:23},
  checked =      {1}
}

@Thesis{thesis:west:2001,
  author =       {B.~West},
  title =        {Charm and the Virtual Photon at {HERA} and a Global Tracking
                  Trigger for {ZEUS}},
  thesistype =   {Ph.D.\ Thesis},
  school =       {University College London},
  year =         {2001},
  report =       {DESY-THESIS-01-037},
  submitdate =   {10.12.02-16:41},
  checked =      {2}
}

@Thesis{thesis:gonzalez:2002,
  author =       {O.~Gonz\'alez~L\'opez},
  title =        {Precise Determinations of the Strong Coupling Constant at
                  {HERA}},
  thesistype =   {Ph.D.\ Thesis},
  school =       {Universidad Aut\'onoma de Madrid},
  year =         {2002},
  report =       {DESY-THESIS-2002-020},
  submitdate =   {14.12.04-19:52},
  checked =      {2}
}

@Thesis{thesis:klimek:2001,
  author =       {K.H.~Klimek},
  title =        {Cross Section Measurement of Vector Meson
                  Quasi-Photoproduction at High Four-Momentum Transfer Using the
                  {ZEUS} Detector at the {HERA} Collider},
  thesistype =   {Ph.D. Thesis},
  school =       {Institute of Nuclear Physics},
  address =      {Cracow, Poland},
  year =         {2001},
  report =       {DESY-THESIS-2001-053},
  institution =  {DESY},
  submitdate =   {09.04.02-23:50},
  checked =      {1}
}

@Thesis{thesis:liu:2001,
  author =       {W.~Liu},
  title =        {Search for Resonances Decaying to $e+\textrm{jet}$ and Limits on First
                  Generation Leptoquarks in $e^+p$ Interactions at {HERA}},
  thesistype =   {Ph.D.\ Thesis},
  school =       {Columbia University},
  year =         {2001},
  submitdate =   {23.08.01-12:26},
  checked =      {2}
}


@Thesis{thesis:rodrigues:2002,
  author =       {E.~Rodrigues},
  title =        {Azimuthal Angle Asymmetries of Hadrons and Jets in Deep Inelastic Scattering at {HERA}},
  school =       {University of Bristol},
  year =         {2001},
  submitdate =   {15.10.02-15:54},
  checked =      {1}
}

@Thesis{thesis:boogert:2002,
  author =       {S.T.~Boogert},
  title =        {Photoproduction of $K^0_S$ Mesons and $\Lambda$ Baryons in
                  Electron Proton Collisions at {ZEUS}},
  thesistype =   {Ph.D.\ Thesis},
  school =       {University of Oxford},
  year =         {2002},
  submitdate =   {22.01.03-14:43},
  checked =      {1}
}

@Thesis{thesis:kowal:2002,
  author =       {A.~Kowal},
  title =        {Helicity Analysis of Vector Mesons Produced in
                  Proton-Dissociative Diffractive Photoproduction at Large
                  Momentum Transfer at {HERA}},
  thesistype =   {Ph.D. Thesis},
  school =       {University of Mining and Metallurgy},
  address =      {Cracow, Poland},
  year =         {2002},
  report =       {DESY-THESIS-2002-033},
  note =         {Unpublished},
  submitdate =   {08.05.02-10:33},
  checked =      {2}
}

@Thesis{thesis:ochs:2002,
  author =       {A.H.~Ochs},
  title =        {Dijet Photoproduction at High Transverse Energies with the {ZEUS} detector at {HERA}},
  thesistype =   {Ph.D.\ Thesis},
  school =       {McGill University, Montreal},
  year =         {2002},
  report =       {DESY-THESIS 2003-005},
  submitdate =   {23.07.01-17:48},
  checked =      {2}
}

@Thesis{thesis:turcato:2002,
  author =       {M.~Turcato},
  title =        {Measurement of Beauty Photoproduction at {HERA}},
  thesistype =   {Ph.D.\ Thesis},
  school =       {Universit\`a degli Studi di Padova},
  year =         {2002},
  report =       {DESY-THESIS-03-039},
  www =          {http://www-library.desy.de/preparch/desy/thesis/desy-thesis-03-039.ps.gz},
  submitdate =   {10.10.03-18:52},
  checked =      {2}
}

@Thesis{thesis:ziegler:2002,
  author =       {A.~Ziegler},
  title =        {Measurement of Inclusive {$\Xi^-$} and {$\Sigma(1385)^\pm$}
                  Baryon Production in Neutral Current Deep Inelastic Scattering
                  at {HERA}},
  thesistype =   {Ph.D.\ Thesis},
  school =       {Universit\"at Hamburg},
  year =         {2002},
  report =       {DESY-THESIS-2002-050},
  submitdate =   {01.08.05-22:11},
  checked =      {2}
}

@Thesis{thesis:goncalo:2003,
  author =       {J.R.~Gon\c{c}alo},
  title =        {Measurement of the High-$Q^2$ Neutral Current Deep Inelastic
                  Scattering Cross Sections with the {ZEUS} Detector at {HERA}},
  thesistype =   {Ph.D.\ Thesis},
  school =       {University of London},
  year =         {2003},
  report =       {DESY-THESIS-03-022},
  submitdate =   {17.11.03-10:59},
  checked =      {2}
}

@Thesis{thesis:robins:2003,
  author =       {S.~Robins},
  title =        {Charm Production in Deep Inelastic Scattering at {HERA}},
  thesistype =   {Ph.D.\ Thesis},
  school =       {University of Bristol},
  year =         {2003},
  submitdate =   {20.05.03-14:36},
  checked =      {2}
}


@Thesis{thesis:helbich:2004,
  author =       {M.~Helbich},
  title =        {Measurement of Exclusive $\phi$ Production in {DIS} at {HERA}
                  with the {ZEUS} Detector},
  thesistype =   {Ph.D.\ Thesis},
  school =       {Columbia University},
  year =         {2004},
  submitdate =   {01.08.05-19:48},
  checked =      {2}
}

@Thesis{thesis:krumnack:2004,
  author =       {N.~Krumnack},
  title =        {Three Jet Events in Deep Inelastic Scattering},
  thesistype =   {Ph.D.\ Thesis},
  school =       {University of Hamburg},
  year =         {2004},
  report =       {DESY-THESIS-2004-011},
  submitdate =   {17.06.04-04:18},
  checked =      {2}
}

@Thesis{thesis:li:2005,
  author =       {L.~Li},
  title =        {Three Jet Production in Neutral Current Deep
                  Inelastic Scattering with {ZEUS} at {HERA}},
  thesistype =   {Ph.D.\ Thesis},
  school =       {University of Wisconsin -- Madison},
  year =         {2005},
  submitdate =   {23.06.04-23:30},
  checked =      {2}
}

@Thesis{thesis:kataoka:2005,
  author =       {M.~Kataoka},
  title =        {Measurement of the Polarisation Dependence of
                  Charged Current Cross Sections in $e^{+}p$ Deep
                  Inelastic Scattering at $\sqrt(s) =318\gev$},
  thesistype =   {Ph.D.\ Thesis},
  school =       {Nara Women's University},
  year =         {2005},
  report =       {KEK-2005-10},
  submitdate =   {04.03.06-04:39},
  checked =      {2}
}

@Thesis{thesis:gabareen:2006,
  author =       {A.~Gabareen~Mokhtar},
  title =        {Study of Neutral and Charged Current Cross Sections at High
                  $Q^2$ at {HERA}},
  thesistype =   {Ph.D.\ Thesis},
  school =       {Tel Aviv University},
  year =         {2006},
  report =       {DESY-THESIS-2006-005},
  submitdate =   {04.03.06-00:41},
  checked =      {2}
}

@Thesis{thesis:bloch:2005,
  author =       {I.~Bloch},
  title =        {Measurement of Beauty Production from Dimuon Events at {HERA} / {ZEUS}},
  thesistype =   {Ph.D.\ Thesis},
  school =       {Hamburg University},
  year =         {2005},
  report =       {DESY-THESIS-2005-034},
  submitdate =   {21.02.06-19:29},
  checked =      {1}
}

@Thesis{thesis:longhin:2003,
  author =       {A.~Longhin},
  title =        {Measurement of Beauty Production at {HERA} with a {$D^{*} + \mu$} Tag},
  thesistype =   {Ph.D.\ Thesis},
  school =       {Universita di Padova},
  address =      {Padova, Italy},
  year =         {2003},
  report =       {DESY-THESIS-2004-050},
  submitdate =   {21.02.06-19:23},
  checked =      {2}
}

@Thesis{thesis:gosau:2007,
  author =       {T.~Gosau},
  title =        {Measurement of multijet events at low $x_{Bj}$ and low $Q^2$
                  with the {ZEUS} detector at {HERA}.},
  school =       {University of Hamburg},
  year =         {2007},
  report =       {DESY-THESIS-2007-028},
  submitdate =   {08.12.08-18:15},
  checked =      {0}
}
 
% University of Bonn Diplom theses
@Thesis{thesis:juengst:2005,
  author =       {M.~J\"ungst},
  title =        {{Elektronidentifikation mit dem {ZEUS}-Detektor und
                  Bestimmung des Beauty-Produktionsquerschnitts}},
  thesistype =   {Diploma Thesis},
  school =       {Universit\"at Bonn},
  address =      {Bonn, Germany},
  year =         {2005},
  report =       {BONN-IB-05-15},
  www =
                  {http://www-zeus.physik.uni-bonn.de/german/diploma.html},
  submitdate =   {23.08.05-14:31},
  checked =      {2}
}

@Thesis{thesis:schoenberg:2005,
  author =       {V.~Sch\"onberg},
  title =        {{Auswertung erster Daten, Effizienzbestimmung und
                  Anpassung der Simulation des
                  {ZEUS}-Straw-Tube-Trackers}},
  thesistype =   {Diploma Thesis},
  school =       {Universit\"at Bonn},
  address =      {Bonn, Germany},
  year =         {2005},
  report =       {BONN-IB-05-14},
  www =          {http://www-zeus.physik.uni-bonn.de/german/diploma.html},
  submitdate =   {23.08.05-14:31},
  checked =      {2}
}

@Thesis{thesis:loddenkoetter:2005,
  author =       {T.~Loddenk\"otter},
  title =        {{Kombinierte Spurrekonstruktion mit den {ZEUS}-Spurkammern MVD und STT}},
  thesistype =   {Diploma Thesis},
  school =       {Universit\"at Bonn},
  address =      {Bonn, Germany},
  year =         {2005},
  report =       {BONN-IB-05-13},
  www =          {http://www-zeus.physik.uni-bonn.de/german/diploma.html},
  submitdate =   {23.08.05-14:31},
  checked =      {2}
}

@Thesis{thesis:fehr:2005,
  author =       {F.~Fehr},
  title =        {Measurement of high-{$Q^2$} charged-current cross
                  sections in {$e^+p$} deep inelastic scattering with
                  longitudinally polarised positron beams using the
                  {ZEUS} detector at {HERA}},
  thesistype =   {Diploma Thesis},
  school =       {Universit\"at Bonn},
  address =      {Bonn, Germany},
  year =         {2005},
  report =       {BONN-IB-05-12},
  www =          {http://www-zeus.physik.uni-bonn.de/german/diploma.html},
  submitdate =   {23.08.05-14:31},
  checked =      {2}
}

@Thesis{thesis:hoppe:2005,
  author =       {S.~Hoppe},
  title =        {Cross section measurement for the charged current
                  process with a large rapidity gap final state in
                  {$e^+p$} deep inelastic scattering at {HERA}},
  thesistype =   {Diploma Thesis},
  school =       {Universit\"at Bonn},
  address =      {Bonn, Germany},
  year =         {2005},
  report =       {BONN-IB-05-09},
  www =          {http://www-zeus.physik.uni-bonn.de/german/diploma.html},
  submitdate =   {23.08.05-14:31},
  checked =      {2}
}

@Thesis{thesis:marawske:2005,
  author =       {S.~Marawske},
  title =        {Improvement of {$<dE/dx>$} Measurements in the Central Tracking Detector of {ZEUS} at {HERA}},
  thesistype =   {Diploma Thesis},
  school =       {Universit\"at Bonn},
  address =      {Bonn, Germany},
  year =         {2005},
  report =       {BONN-IB-05-07},
  www =          {http://www-zeus.physik.uni-bonn.de/german/diploma.html},
  submitdate =   {23.08.05-14:31},
  checked =      {2}
}

@Thesis{thesis:meyer:2002,
  author =       {U.~Meyer},
  title =        {{Alignment des Straw-Tube-Detektors im {ZEUS}-Experiment}},
  thesistype =   {Diploma Thesis},
  school =       {Universit\"at Bonn},
  address =      {Bonn, Germany},
  year =         {2002},
  report =       {BONN-IB-02-14},
  www =          {http://www-zeus.physik.uni-bonn.de/german/diploma.html},
  submitdate =   {23.08.05-14:31},
  checked =      {2}
}

@Thesis{thesis:boettger:2002,
  author =       {D.~B\"ottger},
  title =        {{Kombinierte Spurrekonstruktion im Vorw\"artsbereich des ZEUS-Detektors}},
  thesistype =   {Diploma Thesis},
  school =       {Universit\"at Bonn},
  address =      {Bonn, Germany},
  year =         {2002},
  report =       {BONN-IB-02-08},
  www =          {http://www-zeus.physik.uni-bonn.de/german/diploma.html},
  submitdate =   {23.08.05-14:31},
  checked =      {2}
}

@Thesis{thesis:carone:2002,
  author =       {L.~Carone},
  title =        {{Impulsrekonstruktion mithilfe der Vorw\"artsdriftkammern des ZEUS-Detektors}},
  thesistype =   {Diploma Thesis},
  school =       {Universit\"at Bonn},
  address =      {Bonn, Germany},
  year =         {2002},
  report =       {BONN-IB-02-05},
  www =          {http://www-zeus.physik.uni-bonn.de/german/diploma.html},
  submitdate =   {23.08.05-14:31},
  checked =      {2}
}

@Thesis{thesis:bartsch:2001,
  author =       {D.~Bartsch},
  title =        {{Messung von Charm-Erzeugung in tief-inelastischer Positron-Proton-Streuung mit ZEUS an {HERA}}},
  thesistype =   {Diploma Thesis},
  school =       {Universit\"at Bonn},
  address =      {Bonn, Germany},
  year =         {2001},
  report =       {BONN-IB-01-10},
  www =          {http://www-zeus.physik.uni-bonn.de/german/diploma.html},
  submitdate =   {23.08.05-14:31},
  checked =      {2}
}

@Thesis{thesis:Schaffrath:2001,
  author =       {P.~Schaffrath},
  title =        {{Studien zum Alignment des
                  ZEUS-Mikrovertexdetektors}},
  thesistype =   {Diploma Thesis},
  school =       {Universit\"at Bonn},
  address =      {Bonn, Germany},
  year =         {2001},
  report =       {BONN-IB-01-04},
  www =          {http://www-zeus.physik.uni-bonn.de/german/diploma.html},
  submitdate =   {23.08.05-14:31},
  checked =      {2}
}
@Thesis{thesis:zamponi:2001,
  author =       {M.~Zamponi},
  title =        {{Vergleich von Me{\ss}daten und Simulation der
                  tiefinelastischen Reaktion $e^-p \rightarrow \nu X$
                  bei ZEUS}},
  thesistype =   {Diploma Thesis},
  school =       {Universit\"at Bonn},
  address =      {Bonn, Germany},
  year =         {2001},
  report =       {BONN-IB-00-03},
  www =          {http://www-zeus.physik.uni-bonn.de/german/diploma.html},
  submitdate =   {23.08.05-14:31},
  checked =      {2}
}

@Thesis{thesis:kind:2000,
  author =       {O.M.~Kind},
  title =        {{Elektron-Pion-Trennung mit dem
                  ZEUS-\"Ubergangsstrahlungsdetektor}},
  thesistype =   {Diploma Thesis},
  school =       {Universit\"at Bonn},
  address =      {Bonn, Germany},
  year =         {2000},
  report =       {BONN-IB-00-22},
  www =          {http://www-zeus.physik.uni-bonn.de/german/diploma.html},
  submitdate =   {23.08.05-14:31},
  checked =      {2}
}

@Thesis{thesis:Brendebach:2000,
  author =       {B.~Brendebach},
  title =        {{Alignment, Kalibration und Effizienzbestimmung des
                  ZEUS-\"Ubergangsstrahlungsdetektors}},
  thesistype =   {Diploma Thesis},
  school =       {Universit\"at Bonn},
  address =      {Bonn, Germany},
  year =         {2000},
  report =       {BONN-IB-00-09},
  www =          {http://www-zeus.physik.uni-bonn.de/german/diploma.html},
  submitdate =   {23.08.05-14:31},
  checked =      {2}
}

@Thesis{thesis:voss:2000,
  author =       {K.C.~Voss},
  title =        {{Neue Entwicklung bei der Spurrekonstruktion in den
                  planaren Driftkammern des ZEUS-Detektors}},
  thesistype =   {Diploma Thesis},
  school =       {Universit\"at Bonn},
  address =      {Bonn, Germany},
  year =         {2000},
  report =       {BONN-IB-00-08},
  www =          {http://www-zeus.physik.uni-bonn.de/german/diploma.html},
  submitdate =   {23.08.05-14:31},
  checked =      {2}
}

@Thesis{thesis:hinzen:2000,
  author =       {B.~Hinzen},
  title =        {{Einsatz neuronaler Netze zur
                  Elektron-Identifikation im r\"uckw\"artigen
                  ZEUS-Detektor}},
  thesistype =   {Diploma Thesis},
  school =       {Universit\"at Bonn},
  address =      {Bonn, Germany},
  year =         {2000},
  report =       {BONN-IB-00-07},
  www =          {http://www-zeus.physik.uni-bonn.de/german/diploma.html},
  submitdate =   {23.08.05-14:31},
  checked =      {2}
}

@Thesis{thesis:weber:1999,
  author =       {I.~Weber},
  title =        {{Messung der Protonstrukturfunktion {$F_2$}
                  $(x,Q{^2})$ im Bereich $0.045 < Q^2 < 0.400$
                  GeV{$^2$} mit radiativer ep-Streuung bei {HERA}}},
  thesistype =   {Diploma Thesis},
  school =       {Universit\"at Bonn},
  address =      {Bonn, Germany},
  year =         {1999},
  report =       {BONN-IB-99-20},
  www =          {http://www-zeus.physik.uni-bonn.de/german/diploma.html},
  submitdate =   {23.08.05-14:31},
  checked =      {2}
}

@Thesis{thesis:guenther:1999,
  author =       {P.~G\"unther},
  title =        {{Auf der Suche nach semileptonischen
                  Charm-Zerf\"allen im Vorw\"artsbereich von ZEUS}},
  thesistype =   {Diploma Thesis},
  school =       {Universit\"at Bonn},
  address =      {Bonn, Germany},
  year =         {1999},
  report =       {BONN-IB-99-07},
  www =          {http://www-zeus.physik.uni-bonn.de/german/diploma.html},
  submitdate =   {24.08.05-14:31},
  checked =      {2}
}

@Thesis{thesis:strangfeld:1999,
  author =       {O.~Strangfeld},
  title =        {Eine Simulationsstudie zur Spurrekonstruktion im
                  zuk\"unftigen Silizium-Vertex-Detektor f\"ur ZEUS},
  thesistype =   {Diploma Thesis},
  school =       {Universit\"at Bonn},
  address =      {Bonn, Germany},
  year =         {1999},
  report =       {BONN-IB-99-06},
  www =          {http://www-zeus.physik.uni-bonn.de/german/diploma.html},
  submitdate =   {24.08.05-14:31},
  checked =      {2}
}

@Thesis{thesis:rautenberg:1999,
  author =       {J.~Rautenberg},
  title =        {{Diffraktive Photoproduktion von Vektormesonen bei
                  hohem Impuls\"ubertrag mit dem ZEUS-Detektor bei
                  HERA}},
  thesistype =   {Diploma Thesis},
  school =       {Universit\"at Bonn},
  address =      {Bonn, Germany},
  year =         {1999},
  report =       {BONN-IB-99-04},
  www =          {http://www-zeus.physik.uni-bonn.de/german/diploma.html},
  submitdate =   {24.08.05-14:31},
  checked =      {2}
}

@Thesis{thesis:tandler:1999,
  author =       {J.~Tandler},
  title =        {{Simulation des ZEUS-\"Ubergangsstrahlungsdetektors
                  und erste Vergleiche mit Daten}},
  thesistype =   {Diploma Thesis},
  school =       {Universit\"at Bonn},
  address =      {Bonn, Germany},
  year =         {1999},
  report =       {BONN-IB-99-02},
  www =          {http://www-zeus.physik.uni-bonn.de/german/diploma.html},
  submitdate =   {24.08.05-14:31},
  checked =      {2}
}

@Thesis{thesis:schnapka:1998,
  author =       {J.~Schnapka},
  title =        {{Doppelspurerkennung unter Verwendung der
                  Kathodenauslese am
                  ZEUS-\"Ubergangsstrahlungsdetektor}},
  thesistype =   {Diploma Thesis},
  school =       {Universit\"at Bonn},
  address =      {Bonn, Germany},
  year =         {1998},
  report =       {BONN-IB-98-23},
  www =          {http://www-zeus.physik.uni-bonn.de/german/diploma.html},
  submitdate =   {24.08.05-14:31},
  checked =      {2}
}

@Thesis{thesis:schnurbusch:1998,
  author =       {H.~Schnurbusch},
  title =        {{Untersuchungen zu hochenergetischen Elektronen im
                  ZEUS-Vorw\"artsdetektor}},
  thesistype =   {Diploma Thesis},
  school =       {Universit\"at Bonn},
  address =      {Bonn, Germany},
  year =         {1998},
  report =       {BONN-IB-98-20},
  www =          {http://www-zeus.physik.uni-bonn.de/german/diploma.html},
  submitdate =   {24.08.05-14:31},
  checked =      {2}
}

@Thesis{thesis:weber:1998,
  author =       {A.~Weber},
  title =        {{Der Silizium-Spurdetektor BPT f\"ur kleinste
                  Elektron-Streuwinkel in ZEUS: Alignment mit
                  Teilchenspuren}},
  thesistype =   {Diploma Thesis},
  school =       {Universit\"at Bonn},
  address =      {Bonn, Germany},
  year =         {1998},
  report =       {BONN-IB-98-18},
  www =          {http://www-zeus.physik.uni-bonn.de/german/diploma.html},
  submitdate =   {24.08.05-14:31},
  checked =      {2}
}

@Thesis{thesis:grosskopf:1998,
  author =       {S.~Gro{\ss}kopf},
  title =        {{Analyse hadronischer Endzust\"ande in
                  tiefinelastischer diffraktiver Streuung bei ZEUS an
                  HERA}},
  thesistype =   {Diploma Thesis},
  school =       {Universit\"at Bonn},
  address =      {Bonn, Germany},
  year =         {1998},
  report =       {BONN-IB-98-04},
  www =          {http://www-zeus.physik.uni-bonn.de/german/diploma.html},
  submitdate =   {24.08.05-14:31},
  checked =      {2}
}

@Thesis{thesis:kappes:1997,
  author =       {A.~Kappes},
  title =        {{Verwendung von neuronalen Netzen zur Identifikation
                  des gestreuten Elektrons in ep-Ereignissen mit hohem
                  {$Q^2$} bei ZEUS}},
  thesistype =   {Diploma Thesis},
  school =       {Universit\"at Bonn},
  address =      {Bonn, Germany},
  year =         {1997},
  report =       {BONN-IB-97-28},
  www =          {http://www-zeus.physik.uni-bonn.de/german/diploma.html},
  submitdate =   {24.08.05-14:31},
  checked =      {2}
}

@Thesis{thesis:wieber:1997,
  author =       {H.~Wieber},
  title =        {{Digitale Filter: Datenreduktion bei der Auslese der
                  planaren Driftkammern des ZEUS-Experiments}},
  thesistype =   {Diploma Thesis},
  school =       {Universit\"at Bonn},
  address =      {Bonn, Germany},
  year =         {1997},
  report =       {BONN-IB-97-27},
  www =          {http://www-zeus.physik.uni-bonn.de/german/diploma.html},
  submitdate =   {24.08.05-14:31},
  checked =      {2}
}

@Thesis{thesis:kerger:1997,
  author =       {R.~Kerger},
  title =        {{Messung der Protonstrukturfunktion
                  F{$_2$}(x,Q{$^2$}) in tiefinelastischer ep-Streuung
                  f\"ur Q{$^2$} von 0.75 bis 20.0 (GeV/c){$^2$} mit
                  ZEUS-Daten aus der Me{\ss}periode 1995}},
  thesistype =   {Diploma Thesis},
  school =       {Universit\"at Bonn},
  address =      {Bonn, Germany},
  year =         {1997},
  report =       {BONN-IB-97-13},
  www =          {http://www-zeus.physik.uni-bonn.de/german/diploma.html},
  submitdate =   {24.08.05-14:31},
  checked =      {2}
}

@Thesis{thesis:sieler:1997,
  author =       {U.~Sieler},
  title =        {{Entwicklung, Test und Anwendung einer Methode zur
                  Positionsbestimmung der planaren Driftkammern des
                  ZEUS-Detektors}},
  thesistype =   {Diploma Thesis},
  school =       {Universit\"at Bonn},
  address =      {Bonn, Germany},
  year =         {1997},
  report =       {BONN-IB-97-09},
  www =          {http://www-zeus.physik.uni-bonn.de/german/diploma.html},
  submitdate =   {24.08.05-14:31},
  checked =      {2}
}

@Thesis{thesis:glander:1996,
  author =       {K.-H.~Glander},
  title =        {{Untersuchung der diffraktiven Erzeugung von Jets in
                  Ereignissen der Photoproduktion bei HERA}},
  thesistype =   {Diploma Thesis},
  school =       {Universit\"at Bonn},
  address =      {Bonn, Germany},
  year =         {1996},
  report =       {BONN-IB-96-24},
  www =          {http://www-zeus.physik.uni-bonn.de/german/diploma.html},
  submitdate =   {24.08.05-14:31},
  checked =      {2}
}

@Thesis{thesis:ossowski:1996,
  author =       {R.~Ossowski},
  title =        {{Presampler-Untersuchungen zur Hadron-Energiemessung
                  im ZEUS-Detektor}},
  thesistype =   {Diploma Thesis},
  school =       {Universit\"at Bonn},
  address =      {Bonn, Germany},
  year =         {1996},
  report =       {BONN-IB-96-22},
  www =          {http://www-zeus.physik.uni-bonn.de/german/diploma.html},
  submitdate =   {24.08.05-14:31},
  checked =      {2}
}

@Thesis{thesis:heinz:1996,
  author =       {L.~Heinz},
  title =        {{Automatisierung der Gasanalyse f\"ur den
                  ZEUS-\"Ubergangsstrahlungsdetektor}},
  thesistype =   {Diploma Thesis},
  school =       {Universit\"at Bonn},
  address =      {Bonn, Germany},
  year =         {1996},
  report =       {BONN-IB-96-10},
  www =          {http://www-zeus.physik.uni-bonn.de/german/diploma.html},
  submitdate =   {24.08.05-14:31},
  checked =      {2}
}

@Thesis{thesis:machholz:1996,
  author =       {T.~Machholz},
  title =        {{Monte-Carlo-Untersuchungen zur Bestimmung von
                  x{$_g$} mit Charm-Ereignissen am ZEUS-Detektor}},
  thesistype =   {Diploma Thesis},
  school =       {Universit\"at Bonn},
  address =      {Bonn, Germany},
  year =         {1996},
  report =       {BONN-IB-96-08},
  www =          {http://www-zeus.physik.uni-bonn.de/german/diploma.html},
  submitdate =   {24.08.05-14:31},
  checked =      {2}
}

@Thesis{thesis:amelung:1996,
  author =       {Ch.~Amelung},
  title =        {{Phasenraum-isolierte Teilchen im Endzustand
                  tief-inelastischer ep-Reaktionen bei ZEUS}},
  thesistype =   {Diploma Thesis},
  school =       {Universit\"at Bonn},
  address =      {Bonn, Germany},
  year =         {1996},
  report =       {BONN-IB-96-01},
  www =          {http://www-zeus.physik.uni-bonn.de/german/diploma.html},
  submitdate =   {24.08.05-14:31},
  checked =      {2}
}

@Thesis{thesis:deffner:1995,
  author =       {R.~Deffner},
  title =        {{Spuruntersuchungen in Ereignissen der harten
                  Photoproduktion bei HERA}},
  thesistype =   {Diploma Thesis},
  school =       {Universit\"at Bonn},
  address =      {Bonn, Germany},
  year =         {1995},
  report =       {BONN-IB-95-32},
  www =          {http://www-zeus.physik.uni-bonn.de/german/diploma.html},
  submitdate =   {24.08.05-14:31},
  checked =      {2}
}

@Thesis{thesis:schmitz:1995,
  author =       {W.~Schmitz},
  title =        {{Einflu{\ss} unterschiedlicher Betriebsparameter auf
                  das Signalverhalten des
                  ZEUS-\"Ubergangsstrahlungsdetektors}},
  thesistype =   {Diploma Thesis},
  school =       {Universit\"at Bonn},
  address =      {Bonn, Germany},
  year =         {1995},
  report =       {BONN-IB-??-??},
  submitdate =   {24.08.05-14:31},
  checked =      {2}
}

@Thesis{thesis:schoemann:1995,
  author =       {A.~Sch\"omann},
  title =        {{Entwicklung eines Testsystems f\"ur die
                  FADC-Elektronik des
                  ZEUS-\"Ubergangsstrahlungsdetektors}},
  thesistype =   {Diploma Thesis},
  school =       {Universit\"at Bonn},
  address =      {Bonn, Germany},
  year =         {1995},
  report =       {BONN-IB-95-29},
  www =          {http://www-zeus.physik.uni-bonn.de/german/diploma.html},
  submitdate =   {24.08.05-14:31},
  checked =      {2}
}

@Thesis{thesis:bornheim:1995,
  author =       {A.~Bornheim},
  title =        {{Kalibration des Presamplers f\"ur die
                  Elektron-Energiemessung im ZEUS-Detektor}},
  thesistype =   {Diploma Thesis},
  school =       {Universit\"at Bonn},
  address =      {Bonn, Germany},
  year =         {1995},
  report =       {BONN-IB-95-24},
  www =          {http://www-zeus.physik.uni-bonn.de/german/diploma.html},
  submitdate =   {24.08.05-14:31},
  checked =      {2}
}

@Thesis{thesis:landgraf:1995,
  author =       {S.~Landgraf},
  title =        {{Bestimmung von Digitalfilterkoeffizienten zur
                  Analyse von Driftkammerpulsen sowie Aufbau und Test
                  eines Kalibrierungssystems f\"ur die planaren
                  ZEUS-Driftkammern }},
  thesistype =   {Diploma Thesis},
  school =       {Universit\"at Bonn},
  address =      {Bonn, Germany},
  year =         {1995},
  report =       {BONN-IB-95-21},
  www =          {http://www-zeus.physik.uni-bonn.de/german/diploma.html},
  submitdate =   {24.08.05-14:31},
  checked =      {2}
}

@Thesis{thesis:metzroth:1994,
  author =       {M.~Metzroth},
  title =        {{Programmierung digitaler Signalprozessoren zur
                  Reduktion der Rohdatenmenge des
                  ZEUS-Vorw\"artsdetektors}},
  thesistype =   {Diploma Thesis},
  school =       {Universit\"at Bonn},
  address =      {Bonn, Germany},
  year =         {1994},
  report =       {BONN-IB-94-38},
  www =          {http://www-zeus.physik.uni-bonn.de/german/diploma.html},
  submitdate =   {24.08.05-14:31},
  checked =      {2}
}

@Thesis{thesis:zimmermann:1994,
  author =       {G.~Zimmermann},
  title =        {{Untersuchung der Drift der Ladungscluster in den
                  Driftkammern des ZEUS-\"Ubergangsstrahlungsdetektors
                  durch Simulation}},
  thesistype =   {Diploma Thesis},
  school =       {Universit\"at Bonn},
  address =      {Bonn, Germany},
  year =         {1994},
  report =       {BONN-IB-94-25},
  www =          {http://www-zeus.physik.uni-bonn.de/german/diploma.html},
  submitdate =   {24.08.05-14:31},
  checked =      {2}
}

@Thesis{thesis:grothe:1994,
  author =       {M.~Grothe},
  title =        {{Untersuchungen zum Nachweis von Elektronen aus
                  semileptonischen Zerf\"allen von Charm Quarks mit
                  dem ZEUS-Detektor}},
  thesistype =   {Diploma Thesis},
  school =       {Universit\"at Bonn},
  address =      {Bonn, Germany},
  year =         {1994},
  report =       {BONN-IB-94-23},
  www =          {http://www-zeus.physik.uni-bonn.de/german/diploma.html},
  submitdate =   {24.08.05-14:31},
  checked =      {2}
}

@Thesis{thesis:Eckert:1994,
  author =       {M.~Eckert},
  title =        {{Auswertung erster Driftkammermessungen im ZEUS-Vorw\"artsbereich}},
  thesistype =   {Diploma Thesis},
  school =       {Universit\"at Bonn},
  address =      {Bonn, Germany},
  year =         {1994},
  report =       {BONN-IB-94-22},
  www =          {http://www-zeus.physik.uni-bonn.de/german/diploma.html},
  submitdate =   {24.08.05-14:31},
  checked =      {2}
}

@Thesis{thesis:rembser:1994,
  author =       {Ch.~Rembser},
  title =        {{Aufbau einer st\"andigen \"Uberwachung der
                  Ausleseelektronik des ZEUS-Vorw\"artsdetektors}},
  thesistype =   {Diploma Thesis},
  school =       {Universit\"at Bonn},
  address =      {Bonn, Germany},
  year =         {1994},
  report =       {BONN-IB-94-02},
  www =          {http://www-zeus.physik.uni-bonn.de/german/diploma.html},
  submitdate =   {24.08.05-14:31},
  checked =      {2}
}

@Thesis{thesis:feld:1993,
  author =       {L.W.~Feld},
  title =        {{Harte Photoproduktion: Eine Analyse der ersten ZEUS-Daten}},
  thesistype =   {Diploma Thesis},
  school =       {Universit\"at Bonn},
  address =      {Bonn, Germany},
  year =         {1993},
  report =       {BONN-IR-93-52},
  submitdate =   {24.08.05-14:31},
  checked =      {2}
}

@Thesis{thesis:kowalsky:1993,
  author =       {L.~Kowalsky},
  title =        {{Proze{\ss}steuerung f\"ur den
                  ZEUS-\"Ubergangsstrahlungsdetektor}},
  thesistype =   {Diploma Thesis},
  school =       {Universit\"at Bonn},
  address =      {Bonn, Germany},
  year =         {1993},
  report =       {BONN-IR-93-20},
  submitdate =   {24.08.05-14:31},
  checked =      {2}
}

@Thesis{thesis:schramm:1993,
  author =       {D.~Schramm},
  title =        {{Konzeption und Realisierung einer selektiven
                  Datenauslese des ZEUS-Vorw\"artsdetektors auf
                  Transputerbasis}},
  thesistype =   {Diploma Thesis},
  school =       {Universit\"at Bonn},
  address =      {Bonn, Germany},
  year =         {1993},
  report =       {BONN-IR-93-14},
  submitdate =   {24.08.05-14:31},
  checked =      {2}
}

@Thesis{thesis:perera:1993,
  author =       {A.~Perera},
  title =        {{Untersuchungen zur Rekonstruktion von
                  Photoproduktionsereignissen mit zwei Jets am
                  ZEUS-Detektor}},
  thesistype =   {Diploma Thesis},
  school =       {Universit\"at Bonn},
  address =      {Bonn, Germany},
  year =         {1993},
  report =       {BONN-IR-93-11},
  submitdate =   {24.08.05-14:31},
  checked =      {2}
}

@Thesis{thesis:tran:1993,
  author =       {M.~Tran},
  title =        {{Funktionaldiskriminantenmethode und Neuronales
                  Netz. Anwendung im First Level Trigger des
                  ZEUS-Detektors}},
  thesistype =   {Diploma Thesis},
  school =       {Universit\"at Bonn},
  address =      {Bonn, Germany},
  year =         {1993},
  report =       {BONN-IR-93-10},
  submitdate =   {24.08.05-14:31},
  checked =      {2}
}

@Thesis{thesis:wollschlaeger:1992,
  author =       {M.~Wollschl\"ager},
  title =        {{Entwicklung eines Signalanalyse-Algorithmus f\"ur
                  den ZEUS-\"Ubergangsstrahlungsdetektor unter
                  Anwendung eines Neuronalen Netzwerkes}},
  thesistype =   {Diploma Thesis},
  school =       {Universit\"at Bonn},
  address =      {Bonn, Germany},
  year =         {1992},
  report =       {BONN-IR-92-55},
  submitdate =   {24.08.05-14:31},
  checked =      {2}
}

@Thesis{thesis:doeker:1992,
  author =       {Th.~Doeker},
  title =        {{Identifikation und Winkel-Rekonstruktion des
                  gestreuten Elektrons mit dem ZEUS-Kalorimeter}},
  thesistype =   {Diploma Thesis},
  school =       {Universit\"at Bonn},
  address =      {Bonn, Germany},
  year =         {1992},
  report =       {BONN-IR-92-51},
  www =          {http://www-zeus.physik.uni-bonn.de/german/diploma.html},
  submitdate =   {24.08.05-14:31},
  checked =      {2}
}

@Thesis{thesis:herzog:1992,
  author =       {M.~Herzog},
  title =        {{Experimentelle Untersuchungen an der planaren Driftkammer FTD2 des ZEUS-Vorw\"artsdetektors}},
  thesistype =   {Diploma Thesis},
  school =       {Universit\"at Bonn},
  address =      {Bonn, Germany},
  year =         {1992},
  report =       {BONN-IR-92-50},
  submitdate =   {24.08.05-14:31},
  checked =      {2}
}

@Thesis{thesis:beitzel:1992,
  author =       {V.~Beitzel},
  title =        {{Konstruktion, Bau und Test einer Referenzkammer f\"ur den ZEUS-\"Ubergangsstrahlungsdetektor}},
  thesistype =   {Diploma Thesis},
  school =       {Universit\"at Bonn},
  address =      {Bonn, Germany},
  year =         {1992},
  report =       {BONN-IR-92-44},
  submitdate =   {24.08.05-14:31},
  checked =      {2}
}

@Thesis{thesis:luig:1992,
  author =       {A.~Luig},
  title =        {{Kalibrierung und \"Uberwachung der Analogelektronik des ZEUS-Vorw\"artsdetektors}},
  thesistype =   {Diploma Thesis},
  school =       {Universit\"at Bonn},
  address =      {Bonn, Germany},
  year =         {1992},
  report =       {BONN-IR-92-41},
  submitdate =   {24.08.05-14:31},
  checked =      {2}
}

@Thesis{thesis:siemon:1992,
  author =       {T.~Siemon},
  title =        {{Schnittstellen zur Steuerung von Anwender-Prozessen der Hardware-Control des ZEUS-Forward-Detectors}},
  thesistype =   {Diploma Thesis},
  school =       {Universit\"at Bonn},
  address =      {Bonn, Germany},
  year =         {1992},
  report =       {BONN-IR-92-36},
  submitdate =   {24.08.05-14:31},
  checked =      {2}
}

@Thesis{thesis:stegmann:1992,
  author =       {C.~Stegmann},
  title =        {{Zur Rekonstruktion von Ladung und Zeit im ZEUS-Kalorimeter}},
  thesistype =   {Diploma Thesis},
  school =       {Universit\"at Bonn},
  address =      {Bonn, Germany},
  year =         {1992},
  report =       {BONN-IR-92-33},
  submitdate =   {24.08.05-14:31},
  checked =      {2}
}

@Thesis{thesis:mengel:1992,
  author =       {S.~Mengel},
  title =        {{Das Magnetfeld f\"ur den ZEUS-Innendetektor: Analyse und Korrektur der Feldmessung}},
  thesistype =   {Diploma Thesis},
  school =       {Universit\"at Bonn},
  address =      {Bonn, Germany},
  year =         {1992},
  report =       {BONN-IR-92-22},
  www =          {http://www-zeus.physik.uni-bonn.de/german/diploma.html},
  submitdate =   {24.08.05-14:31},
  checked =      {2}
}

@Thesis{thesis:desch:1991,
  author =       {K.~Desch},
  title =        {{Punktf\"ormiges und partonisches Photon bei HERA:
                  Simulationsrechnungen f\"ur das ZEUS-Experiment}},
  thesistype =   {Diploma Thesis},
  school =       {Universit\"at Bonn},
  address =      {Bonn, Germany},
  year =         {1991},
  report =       {BONN-IR-91-73},
  submitdate =   {24.08.05-14:31},
  checked =      {2}
}

@Thesis{thesis:biltzinger:1991,
  author =       {J.~Biltzinger},
  title =        {{Einbindung der Vorw\"artsdriftkammern in die erste
                  Triggerstufe des ZEUS-Detektors}},
  thesistype =   {Diploma Thesis},
  school =       {Universit\"at Bonn},
  address =      {Bonn, Germany},
  year =         {1991},
  report =       {BONN-IR-91-72},
  submitdate =   {24.08.05-14:31},
  checked =      {2}
}

@Thesis{thesis:mollen:1991,
  author =       {J.~Mollen},
  title =        {{Untersuchungen und Entwicklungen zur schnellen
                  Spurfindung und Spurparameterbestimmung f\"ur den
                  Vorw\"artsbereich des ZEUS-Detektors}},
  thesistype =   {Diploma Thesis},
  school =       {Universit\"at Bonn},
  address =      {Bonn, Germany},
  year =         {1991},
  report =       {BONN-IR-91-60},
  submitdate =   {24.08.05-14:31},
  checked =      {2}
}

@Thesis{thesis:kirch:1991,
  author =       {U.~Kirch},
  title =        {{Untersuchungen zur Orts-Driftzeit-Beziehung im
                  inhomogenen Magnetfeld in den planaren Driftkammern
                  des ZEUS-Detektors}},
  thesistype =   {Diploma Thesis},
  school =       {Universit\"at Bonn},
  address =      {Bonn, Germany},
  year =         {1991},
  report =       {BONN-IR-91-47},
  submitdate =   {24.08.05-14:31},
  checked =      {2}
}

@Thesis{thesis:bargende:1991,
  author =       {A.~Bargende},
  title =        {{Kalibration des elektromagnetischen Teils des
                  ZEUS-Kalorimeters mit Elektronen}},
  thesistype =   {Diploma Thesis},
  school =       {Universit\"at Bonn},
  address =      {Bonn, Germany},
  year =         {1991},
  report =       {BONN-IR-91-25},
  www =          {http://www-zeus.physik.uni-bonn.de/german/diploma.html},
  submitdate =   {24.08.05-14:31},
  checked =      {2}
}

@Thesis{thesis:geitz:1991,
  author =       {G.~Geitz},
  title =        {{Bau eines Teststandes f\"ur die Ausleseelektronik
                  des ZEUS-Kalorimeters}},
  thesistype =   {Diploma Thesis},
  school =       {Universit\"at Bonn},
  address =      {Bonn, Germany},
  year =         {1991},
  report =       {BONN-IR-91-24},
  submitdate =   {24.08.05-14:31},
  checked =      {2}
}

@Thesis{thesis:prange:1991,
  author =       {K.~Prange},
  title =        {{Das Uran-Kalorimeter des ZEUS-Detektors,
                  Untersuchungen zur Uniformit\"at der Energiemessung
                  von Elektronen}},
  thesistype =   {Diploma Thesis},
  school =       {Universit\"at Bonn},
  address =      {Bonn, Germany},
  year =         {1991},
  report =       {BONN-IR-91-23},
  submitdate =   {24.08.05-14:31},
  checked =      {2}
}

@Thesis{thesis:munde:1991,
  author =       {A.~Munde},
  title =        {{Untersuchungen am Prototypen des
                  \"Ubergangsstrahlungsdetektors f\"ur das
                  ZEUS-Experiment}},
  thesistype =   {Diploma Thesis},
  school =       {Universit\"at Bonn},
  address =      {Bonn, Germany},
  year =         {1991},
  report =       {BONN-IR-91-14},
  submitdate =   {24.08.05-14:31},
  checked =      {2}
}

@Thesis{thesis:haun:1991,
  author =       {D.~Haun},
  title =        {{Rekonstruktion von lokalen Spurelementen in den
                  Vorw\"artsdriftkammern des ZEUS-Detektors}},
  thesistype =   {Diploma Thesis},
  school =       {Universit\"at Bonn},
  address =      {Bonn, Germany},
  year =         {1991},
  report =       {BONN-IR-91-02},
  submitdate =   {24.08.05-14:31},
  checked =      {2}
}

@Thesis{thesis:grunenberg:1990,
  author =       {A.~Grunenberg},
  title =        {{Untersuchungen zum Bau des
                  ZEUS-\"Ubergangsstrahlungsdetektors und Bau einer
                  Prototypkammer}},
  thesistype =   {Diploma Thesis},
  school =       {Universit\"at Bonn},
  address =      {Bonn, Germany},
  year =         {1990},
  report =       {BONN-IR-90-60},
  submitdate =   {24.08.05-14:31},
  checked =      {2}
}

@Thesis{thesis:mass:1990,
  author =       {A.~Mass},
  title =        {{Entwicklung der ersten Triggerstufe f\"ur die
                  Vorw\"artskammern des ZEUS-Detektors}},
  thesistype =   {Diploma Thesis},
  school =       {Universit\"at Bonn},
  address =      {Bonn, Germany},
  year =         {1990},
  report =       {BONN-IR-90-59},
  submitdate =   {24.08.05-14:31},
  checked =      {2}
}

@Thesis{thesis:kuss:1990,
  author =       {C.~Kuss},
  title =        {{Herstellung und Uniformisierung von
                  Wellenl\"angen\-schieber- \-Lichtleitern f\"ur das
                  ZEUS-R\"uckw\"artskalorimeter}},
  thesistype =   {Diploma Thesis},
  school =       {Universit\"at Bonn},
  address =      {Bonn, Germany},
  year =         {1990},
  report =       {BONN-IR-90-32},
  www =          {http://www-zeus.physik.uni-bonn.de/german/diploma.html},
  submitdate =   {24.08.05-14:31},
  checked =      {2}
}

@Thesis{thesis:schattevoy:1990,
  author =       {R.~Schattevoy},
  title =        {{Untersuchungen und Entwicklungen zur Spurerkennung in den Vorw\"artsdriftkammern des ZEUS-Detektors}},
  thesistype =   {Diploma Thesis},
  school =       {Universit\"at Bonn},
  address =      {Bonn, Germany},
  year =         {1990},
  report =       {BONN-IR-90-28},
  submitdate =   {24.08.05-14:31},
  checked =      {2}
}

@Thesis{thesis:ahle:1990,
  author =       {H.~Ahle},
  title =        {{Entwicklung von Algorithmen zur Teilchentrennung mittels \"Ubergangsstrahlung}},
  thesistype =   {Diploma Thesis},
  school =       {Universit\"at Bonn},
  address =      {Bonn, Germany},
  year =         {1990},
  report =       {BONN-IR-90-16},
  submitdate =   {24.08.05-14:31},
  checked =      {2}
}

@Thesis{thesis:meyer:1990,
  author =       {J.~Meyer},
  title =        {{Aufbau und Test der Analogelektronik f\"ur die planaren Driftkammern des ZEUS-Detektors}},
  thesistype =   {Diploma Thesis},
  school =       {Universit\"at Bonn},
  address =      {Bonn, Germany},
  year =         {1990},
  report =       {BONN-IR-90-09},
  submitdate =   {24.08.05-14:31},
  checked =      {2}
}

@Thesis{thesis:stratmann:1989,
  author =       {R.~Stratmann},
  title =        {{Eine Me{\ss}apparatur zur Laserkalibration der
                  Planaren Driftkammern des ZEUS-Detektors -
                  Untersuchungen mit Magnetfeld}},
  thesistype =   {Diploma Thesis},
  school =       {Universit\"at Bonn},
  address =      {Bonn, Germany},
  year =         {1989},
  report =       {BONN-IR-89-42},
  submitdate =   {24.08.05-14:31},
  checked =      {2}
}

@Thesis{thesis:ziegler:1989,
  author =       {A.~Ziegler},
  title =        {{Rechnungen zur Lichtausbreitung in den Lichtleitern des ZEUS-Kalorimeters}},
  thesistype =   {Diploma Thesis},
  school =       {Universit\"at Bonn},
  address =      {Bonn, Germany},
  year =         {1989},
  report =       {BONN-IR-89-41},
  submitdate =   {24.08.05-14:31},
  checked =      {2}
}

@Thesis{thesis:kramarcyk:1989,
  author =       {S.~Kramarczyk},
  title =        {{Aufbau einer Apparatur zur Laserkalibration der ZEUS-Driftkammern - Untersuchung ohne Magnetfeld}},
  thesistype =   {Diploma Thesis},
  school =       {Universit\"at Bonn},
  address =      {Bonn, Germany},
  year =         {1989},
  report =       {BONN-IR-89-36},
  submitdate =   {24.08.05-14:31},
  checked =      {2}
}

@Thesis{thesis:albus:1989,
  author =       {F.~Albus},
  title =        {{Untersuchungen zum Gasanalysesystem des ZEUS- \"Ubergangsstrahlungsdetektors}},
  thesistype =   {Diploma Thesis},
  school =       {Universit\"at Bonn},
  address =      {Bonn, Germany},
  year =         {1989},
  report =       {BONN-IR-89-33},
  submitdate =   {24.08.05-14:31},
  checked =      {2}
}

@Thesis{thesis:reike:1989,
  author =       {H.~Reike},
  title =        {{Uniformierung eines Types von Wellenl\"angenschieber-Lichtleitern f\"ur das ZEUS Kalorimeter}},
  thesistype =   {Diploma Thesis},
  school =       {Universit\"at Bonn},
  address =      {Bonn, Germany},
  year =         {1989},
  report =       {BONN-IR-89-21},
  submitdate =   {24.08.05-14:31},
  checked =      {2}
}

@Thesis{thesis:seifert:1989,
  author =       {R.~Seifert},
  title =        {{Untersuchungen zur physikalischen Einsatzm\"oglichkeit und Funktionsweise der planaren Driftkammern des Detektors ZEUS}},
  thesistype =   {Diploma Thesis},
  school =       {Universit\"at Bonn},
  address =      {Bonn, Germany},
  year =         {1989},
  report =       {BONN-IR-89-10},
  submitdate =   {24.08.05-14:31},
  checked =      {2}
}

@Thesis{thesis:guenzel:1989,
  author =       {Th.~G\"unzel},
  title =        {{Zur Bestimmung von Spurparametern mit den Vorw\"artsdriftkammern des ZEUS-Detektors}},
  thesistype =   {Diploma Thesis},
  school =       {Universit\"at Bonn},
  address =      {Bonn, Germany},
  year =         {1989},
  report =       {BONN-IR-89-01},
  submitdate =   {24.08.05-14:31},
  checked =      {2}
}

@Thesis{thesis:jahnen:1988,
  author =       {G.~Jahnen},
  title =        {{Eine Me{\ss}einrichtung zur Uniformisierung der
                  optischen Auslese am ZEUS-Kalorimeter}},
  thesistype =   {Diploma Thesis},
  school =       {Universit\"at Bonn},
  address =      {Bonn, Germany},
  year =         {1988},
  report =       {BONN-IR-88-58},
  submitdate =   {24.08.05-14:31},
  checked =      {2}
}

@Thesis{thesis:dabbous:1988,
  author =       {H.~Dabbous},
  title =        {{Aufbau einer Testzelle zur Laserkalibration der
                  planaren Driftkammer des ZEUS-Detektors und
                  Algorithmen zur Analyse von FADC-Signalen}},
  thesistype =   {Diploma Thesis},
  school =       {Universit\"at Bonn},
  address =      {Bonn, Germany},
  year =         {1988},
  report =       {BONN-IR-88-43},
  submitdate =   {24.08.05-14:31},
  checked =      {2}
}

@Thesis{thesis:kiehm:1988,
  author =       {H.~Kiehm},
  title =        {{Untersuchungen zur Optimierung des ZEUS- \"Ubergangsstrahlungsdetektors}},
  thesistype =   {Diploma Thesis},
  school =       {Universit\"at Bonn},
  address =      {Bonn, Germany},
  year =         {1988},
  report =       {BONN-IR-88-42},
  submitdate =   {24.08.05-14:31},
  checked =      {2}
}

@Thesis{thesis:gry:1988,
  author =       {O.~Gry},
  title =        {{Simulationsrechnungen zur Messung elektroschwacher
                  Prozesse im ZEUS-Experiment}},
  thesistype =   {Diploma Thesis},
  school =       {Universit\"at Bonn},
  address =      {Bonn, Germany},
  year =         {1988},
  report =       {BONN-IR-88-38},
  submitdate =   {24.08.05-14:31},
  checked =      {2}
}

@Thesis{thesis:kapp:1988,
  author =       {U.~Kapp},
  title =        {{Eine Gas\"uberwachungsanlage mit dem
                  Quadrupol-Massenspekrometer f\"ur die
                  ZEUS-\"Ubergangsstrahlungskammer}},
  thesistype =   {Diploma Thesis},
  school =       {Universit\"at Bonn},
  address =      {Bonn, Germany},
  year =         {1988},
  report =       {BONN-IR-88-35},
  submitdate =   {24.08.05-14:31},
  checked =      {2}
}

@Thesis{thesis:reineke:1988,
  author =       {C.~Reineke},
  title =        {{Untersuchungen zur Entwicklung einer Driftkammer
                  f\"ur den ZEUS-Detektor. Der Testaufbau und seine
                  Eigenschaften bei TDC-Auslese}},
  thesistype =   {Diploma Thesis},
  school =       {Universit\"at Bonn},
  address =      {Bonn, Germany},
  year =         {1988},
  report =       {BONN-IR-88-24},
  submitdate =   {24.08.05-14:31},
  checked =      {2}
}

@Thesis{thesis:weinsziehr:1988,
  author =       {L.~Weinsziehr},
  title =        {{Untersuchungen zur Entwicklung einer Driftkammer
                  f\"ur den ZEUS-Detektor; Design der Testzelle, ihre
                  Eigenschaften bei FADC-Auslese}},
  thesistype =   {Diploma Thesis},
  school =       {Universit\"at Bonn},
  address =      {Bonn, Germany},
  year =         {1988},
  report =       {BONN-IR-88-23},
  submitdate =   {24.08.05-14:31},
  checked =      {2}
}
@Thesis{thesis:lange:1987,
  author =       {E.~Lange},
  title =        {{Monte-Carlo-Simulation zu Hadron-Elektron-Trennung durch \"Ubergangsstrahlung bei ZEUS}},
  thesistype =   {Diploma Thesis},
  school =       {Universit\"at Bonn},
  address =      {Bonn, Germany},
  year =         {1987},
  report =       {BONN-IR-87-29},
  submitdate =   {24.08.05-14:31},
  checked =      {2}
}

@Thesis{thesis:schneider:1987,
  author =       {B.~Schneider},
  title =        {{Berechnung von Orts-Driftzeitbeziehungen in beliebigen Magnetfeldern}},
  thesistype =   {Diploma Thesis},
  school =       {Universit\"at Bonn},
  address =      {Bonn, Germany},
  year =         {1987},
  report =       {BONN-IR-87-19},
  submitdate =   {24.08.05-14:31},
  checked =      {2}
}

@Thesis{thesis:appuhn:1987,
  author =       {R.~D.~Appuhn},
  title =        {{Nachweis von \"Ubergangsstrahlung durch Analyse von
                  Ladungsclustern in einer longitudinalen
                  Driftkammer}},
  thesistype =   {Diploma Thesis},
  school =       {Universit\"at Bonn},
  address =      {Bonn, Germany},
  year =         {1987},
  report =       {BONN-IR-87-17},
  submitdate =   {24.08.05-14:31},
  checked =      {2}
}

@Thesis{thesis:wirth:1987,
  author =       {V.~Wirth},
  title =        {{Untersuchungen durch Simulation zu Trigger und
                  Elektronensparation im Vorw\"artskammeraufbau von
                  ZEUS}},
  thesistype =   {Diploma Thesis},
  school =       {Universit\"at Bonn},
  address =      {Bonn, Germany},
  year =         {1987},
  report =       {BONN-IR-87-01},
  submitdate =   {24.08.05-14:31},
  checked =      {2}
}

% University of Bonn PhD theses
@Thesis{thesis:wang:2006,
  author =       {M.~Wang},
  title =        {Charm Production in Charged Current Deep Inelastic {$e^+p$} Scattering at HERA},
  thesistype =   {Ph.D.\ Thesis},
  school =       {Universit\"at Bonn},
  address =      {Bonn, Germany},
  year =         {2006},
  report =       {BONN-IR-2006-02},
  www =          {http://www-zeus.physik.uni-bonn.de/german/phd.html},
  submitdate =   {28.08.05-14:31},
  checked =      {2}
}

@Thesis{thesis:irrgang:2004,
  author =       {P.~Irrgang},
  title =        {Measurement of D*{$^\pm$} Production at Low Q{$^2$}
                  with the Beam-Pipe Calorimeter of ZEUS at HERA},
  thesistype =   {Ph.D.\ Thesis},
  school =       {Universit\"at Bonn},
  address =      {Bonn, Germany},
  year =         {2004},
  report =       {BONN-IR-2004-016},
  www =          {http://www-zeus.physik.uni-bonn.de/german/phd.html},
  submitdate =   {28.08.05-14:31},
  checked =      {2}
}

@Thesis{thesis:voss:2004,
  author =       {K.C.~Voss},
  title =        {Exclusive J/{$\psi$} Production in Deep Inelastic Scattering at HERA},
  thesistype =   {Ph.D.\ Thesis},
  school =       {Universit\"at Bonn},
  address =      {Bonn, Germany},
  year =         {2004},
  report =       {BONN-IR-2005-02},
  www =          {http://www-zeus.physik.uni-bonn.de/german/phd.html},
  submitdate =   {28.08.05-14:31},
  checked =      {2}
}

@Thesis{thesis:rautenberg:2004,
  author =       {J.~Rautenberg},
  title =        {Measurement of high-Q{$^2$} charged current cross
                  sections in {$e^+p$} deep inelastic scattering at
                  HERA},
  thesistype =   {Ph.D.\ Thesis},
  school =       {Universit\"at Bonn},
  address =      {Bonn, Germany},
  year =         {2004},
  report =       {BONN-IR-2004-08},
  www =          {http://www-zeus.physik.uni-bonn.de/german/phd.html},
  submitdate =   {28.08.05-14:31},
  checked =      {2}
}

@Thesis{thesis:tandler:2003,
  author =       {J.~Tandler},
  title =        {Exclusive Production of J/{$\psi$} Mesons in the ZEUS Detector},
  thesistype =   {Ph.D.\ Thesis},
  school =       {Universit\"at Bonn},
  address =      {Bonn, Germany},
  year =         {2003},
  report =       {BONN-IR-2003-06},
  www =          {http://www-zeus.physik.uni-bonn.de/german/phd.html},
  submitdate =   {28.08.05-14:31},
  checked =      {2}
}

@Thesis{thesis:schnurbusch:2002,
  author =       {H.~Schnurbusch},
  title =        {Measurement of the Proton Structure from High-Q{$^2$} Neutral Current Events in {$e^+p$} Deep Inelastic Scattering at HERA},
  thesistype =   {Ph.D.\ Thesis},
  school =       {Universit\"at Bonn},
  address =      {Bonn, Germany},
  year =         {2002},
  report =       {BONN-IR-2002-11},
  www =          {http://www-zeus.physik.uni-bonn.de/german/phd.html},
  submitdate =   {28.08.05-14:31},
  checked =      {2}
}

@Thesis{thesis:weber:2002,
  author =       {A.~Weber},
  title =        {Search for Excited Leptons in ep Scattering at HERA Using the ZEUS Detector},
  thesistype =   {Ph.D.\ Thesis},
  school =       {Universit\"at Bonn},
  address =      {Bonn, Germany},
  year =         {2002},
  report =       {BONN-IR-2002-05},
  www =          {http://www-zeus.physik.uni-bonn.de/german/phd.html},
  submitdate =   {28.08.05-14:31},
  checked =      {2}
}

@Thesis{thesis:wessoleck:2002,
  author =       {H.~Wessoleck},
  title =        {{Messung der Wirkungsquerschnitte f\"ur den
                  tiefinelastischen, inklusiven Prozess {$e^+p$}
                  {$\rightarrow$} {${\overline\nu} _e$}X an der
                  Speicherring-Anlage HERA mit ZEUS-Daten aus den
                  Jahren 1999 und 2000}},
  thesistype =   {Ph.D.\ Thesis},
  school =       {Universit\"at Bonn},
  address =      {Bonn, Germany},
  year =         {2002},
  report =       {BONN-IR-2002-02},
  www =          {http://www-zeus.physik.uni-bonn.de/german/phd.html},
  submitdate =   {28.08.05-14:31},
  checked =      {2}
}

@Thesis{thesis:kappes:2001,
  author =       {A.~Kappes},
  title =        {Measurement of {$e^-p \rightarrow e^-X$}
                  differential cross sections at high Q{$^2$} and of
                  the structure function xF{$_3$} with ZEUS at HERA},
  thesistype =   {Ph.D.\ Thesis},
  school =       {Universit\"at Bonn},
  address =      {Bonn, Germany},
  year =         {2001},
  report =       {BONN-IR-01-16},
  www =          {http://www-zeus.physik.uni-bonn.de/german/phd.html},
  submitdate =   {28.08.05-14:31},
  checked =      {2}
}

@Thesis{thesis:kerger:2001,
  author =       {R.~Kerger},
  title =        {A Search for Lepton-Flavor Violating Transitions {$e
                  \leftrightarrow$}{$\tau$} via Leptoquarks in
                  {$e^+p$} Scattering with the ZEUS Detector at HERA},
  thesistype =   {Ph.D.\ Thesis},
  school =       {Universit\"at Bonn},
  address =      {Bonn, Germany},
  year =         {2001},
  report =       {BONN-IR-01-01},
  www =          {http://www-zeus.physik.uni-bonn.de/german/phd.html},
  submitdate =   {29.08.05-14:31},
  checked =      {2}
}

@Thesis{thesis:coboeken:2000,
  author =       {K.~Coboeken},
  title =        {{Analyse der Reaktion {$\gamma p \rightarrow
                  J{/}\psi p, J{/}\psi \rightarrow \mu^+\mu^-$}
                  mithilfe der planaren Driftkammern des
                  ZEUS-Detektors}},
  thesistype =   {Ph.D.\ Thesis},
  school =       {Universit\"at Bonn},
  address =      {Bonn, Germany},
  year =         {2000},
  report =       {BONN-IR-00-08},
  www =          {http://www-zeus.physik.uni-bonn.de/german/phd.html},
  submitdate =   {29.08.05-14:31},
  checked =      {2}
}

@Thesis{thesis:deffner:1999,
  author =       {R.~Deffner},
  title =        {Measurement of the Proton Structure Function {$F_2$}
                  at HERA using the 1996 and 1997 ZEUS Data},
  thesistype =   {Ph.D.\ Thesis},
  school =       {Universit\"at Bonn},
  address =      {Bonn, Germany},
  year =         {1999},
  report =       {BONN-IR-99-20},
  www =          {http://www-zeus.physik.uni-bonn.de/german/phd.html},
  submitdate =   {29.08.05-14:31},
  checked =      {2}
}

@Thesis{thesis:bornheim:1999,
  author =       {A.~Bornheim},
  title =        {{Messung der Protonstrukturfunktionen {$F_2$} und
                  {$F_L$} in radiativer ep-Streuung mit dem
                  ZEUS-Detektor}},
  thesistype =   {Ph.D.\ Thesis},
  school =       {Universit\"at Bonn},
  address =      {Bonn, Germany},
  year =         {1999},
  report =       {BONN-IR-99-17},
  www =          {http://www-zeus.physik.uni-bonn.de/german/phd.html},
  submitdate =   {29.08.05-14:31},
  checked =      {2}
}

@Thesis{thesis:amelung:1999,
  author =       {Ch.~Amelung},
  title =        {Measurement of the Proton Structure Function {$F_2$} at Very Low {$Q^2$} at HERA},
  thesistype =   {Ph.D.\ Thesis},
  school =       {Universit\"at Bonn},
  address =      {Bonn, Germany},
  year =         {1999},
  report =       {BONN-IR-99-14},
  www =          {http://www-zeus.physik.uni-bonn.de/german/phd.html},
  submitdate =   {29.08.05-14:31},
  checked =      {2}
}

@Thesis{thesis:eckert:1999,
  author =       {M.~Eckert},
  title =        {{Spurrekonstruktion in den planaren Driftkammern von ZEUS und Ereignisse der Reaktion {$e^+p\rightarrow \overline\nu_eX$} bei kleinen hadronischen Winkeln}},
  thesistype =   {Ph.D.\ Thesis},
  school =       {Universit\"at Bonn},
  address =      {Bonn, Germany},
  year =         {1999},
  report =       {BONN-IR-99-05},
  www =          {http://http://www-zeus.physik.uni-bonn.de/german/phd.html},
  submitdate =   {29.08.05-14:31},
  checked =      {2}
}

@Thesis{thesis:pfeiffer:1998,
  author =       {M.~Pfeiffer},
  title =        {{Messung differentieller Wirkungsquerschnitte im Proze\ss \ {$e^+p\rightarrow e^+X$} f\"ur {$Q^2 >$} 400 GeV{$^2$} mit dem ZEUS-Detektor an HERA}},
  thesistype =   {Ph.D.\ Thesis},
  school =       {Universit\"at Bonn},
  address =      {Bonn, Germany},
  year =         {1998},
  report =       {BONN-IR-98-16},
  www =          {http://www-zeus.physik.uni-bonn.de/german/phd.html},
  submitdate =   {29.08.05-14:31},
  checked =      {2}
}

@Thesis{thesis:grothe:1998,
  author =       {M.~Grothe},
  title =        {{Differentielle Wirkungsquerschnitte diffraktiver tiefinelastischer ep-Streuung bei HERA: Messungen mit Nachweis des gestreuten Protons im Leading Proton Spectrometer LPS von ZEUS}},
  thesistype =   {Ph.D.\ Thesis},
  school =       {Universit\"at Bonn},
  address =      {Bonn, Germany},
  year =         {1998},
  report =       {BONN-IR-98-03},
  www =          {http://www-zeus.physik.uni-bonn.de/german/phd.html},
  submitdate =   {29.08.05-14:31},
  checked =      {2}
}

@Thesis{thesis:stamm:1997,
  author =       {J.~Stamm},
  title =        {{Die Auslese des ZEUS-Vorw\"artsdetektors und Untersuchungen zur rho'-Resonanz in der Photoproduktion von pi+/pi- -Paaren}},
  thesistype =   {Ph.D.\ Thesis},
  school =       {Universit\"at Bonn},
  address =      {Bonn, Germany},
  year =         {1997},
  report =       {BONN-IR-97-21},
  submitdate =   {29.08.05-14:31},
  checked =      {2}
}

@Thesis{thesis:rembser:1997,
  author =       {Ch.~Rembser},
  title =        {{Identifikation geladener Teilchen mit dem ZEUS-\"Ubergangsstrahlungsdetektor}},
  thesistype =   {Ph.D.\ Thesis},
  school =       {Universit\"at Bonn},
  address =      {Bonn, Germany},
  year =         {1997},
  report =       {BONN-IR-97-10},
  submitdate =   {29.08.05-14:31},
  checked =      {2}
}

@Thesis{thesis:feld:1996,
  author =       {L.W.~Feld},
  title =        {{Messung von Zweijet-Wirkungsquerschnitten in Photoproduktion an HERA}},
  thesistype =   {Ph.D.\ Thesis},
  school =       {Universit\"at Bonn},
  address =      {Bonn, Germany},
  year =         {1996},
  report =       {BONN-IR-96-17},
  www =          {http://www-zeus.physik.uni-bonn.de/german/phd.html},
  submitdate =   {29.08.05-14:31},
  checked =      {2}
}

@Thesis{thesis:geerts:1996,
  author =       {M.~Geerts},
  title =        {{Erzeugung von Hadronen mit Charm in ep-Kollisionen mit dem ZEUS-Detektor bei HERA}},
  thesistype =   {Ph.D.\ Thesis},
  school =       {Universit\"at Bonn},
  address =      {Bonn, Germany},
  year =         {1996},
  report =       {BONN-IR-96-10},
  www =          {http://www-zeus.physik.uni-bonn.de/german/phd.html},
  submitdate =   {29.08.05-14:31},
  checked =      {2}
}

@Thesis{thesis:schramm:1996,
  author =       {D.~Schramm},
  title =        {{Untersuchungen \"uber den Nachweis geladener
                  Teilchen und deren Verteilungen im hadronischen
                  Schwerpunktsystem mit dem ZEUS-Detektor bei HERA}},
  thesistype =   {Ph.D.\ Thesis},
  school =       {Universit\"at Bonn},
  address =      {Bonn, Germany},
  year =         {1996},
  report =       {BONN-IR-96-04},
  www =          {http://www-zeus.physik.uni-bonn.de/german/phd.html},
  submitdate =   {29.08.05-14:31},
  checked =      {2}
}

@Thesis{thesis:frey:1996,
  author =       {A.~Frey},
  title =        {{Messung der Protonstrukturfunktion
                  {$F_2$}(x,{$~Q^2$}) in radiativer ep-Streuung mit
                  dem ZEUS-Detektor}},
  thesistype =   {Ph.D.\ Thesis},
  school =       {Universit\"at Bonn},
  address =      {Bonn, Germany},
  year =         {1996},
  report =       {BONN-IR-96-03},
  www =          {http://www-zeus.physik.uni-bonn.de/german/phd.html},
  submitdate =   {29.08.05-14:31},
  checked =      {2}
}

@Thesis{thesis:mengel:1995,
  author =       {S.~Mengel},
  title =        {{Erste Bestimmung der {$e/\pi$}-Trennleistung des
                  ZEUS-\"Ubergangsstrahlungsdetektors}},
  thesistype =   {Ph.D.\ Thesis},
  school =       {Universit\"at Bonn},
  address =      {Bonn, Germany},
  year =         {1995},
  report =       {BONN-IR-95-25},
  www =          {http://www-zeus.physik.uni-bonn.de/german/phd.html},
  submitdate =   {29.08.05-14:31},
  checked =      {2}
}

@Thesis{thesis:doeker:1995,
  author =       {Th.~Doeker},
  title =        {{Messung der diffraktiven Strukturfunktion des
                  Protons in tief-inelastischer ep-Streuung mit dem
                  ZEUS-Detektor}},
  thesistype =   {Ph.D.\ Thesis},
  school =       {Universit\"at Bonn},
  address =      {Bonn, Germany},
  year =         {1995},
  report =       {BONN-IR-95-23},
  www =          {http://www-zeus.physik.uni-bonn.de/german/phd.html},
  submitdate =   {29.08.05-14:31},
  checked =      {2}
}

@Thesis{thesis:desch:1995,
  author =       {K.~Desch},
  title =        {{Jet-Produktion in hochenergetischen
                  Photon-Proton-Kollisionen bei HERA}},
  thesistype =   {Ph.D.\ Thesis},
  school =       {Universit\"at Bonn},
  address =      {Bonn, Germany},
  year =         {1995},
  report =       {BONN-IR-95-22},
  www =          {http://www-zeus.physik.uni-bonn.de/german/phd.html},
  submitdate =   {29.08.05-14:31},
  checked =      {2}
}

@Thesis{thesis:mollen:1995,
  author =       {J.~Mollen},
  title =        {{Entwicklung, Test und Implementation des
                  Rekonstruktionspakets f\"ur die planaren
                  Driftkammern des ZEUS-Detektors}},
  thesistype =   {Ph.D.\ Thesis},
  school =       {Universit\"at Bonn},
  address =      {Bonn, Germany},
  year =         {1995},
  report =       {BONN-IR-95-18},
  www =          {http://www-zeus.physik.uni-bonn.de/german/phd.html},
  submitdate =   {29.08.05-14:31},
  checked =      {2}
}

@Thesis{thesis:haun:1995,
  author =       {D.~Haun},
  title =        {{Der \"Ubergangsstrahlungsdetektor in ZEUS: Erste
                  Messungen und Simulationsrechnungen}},
  thesistype =   {Ph.D.\ Thesis},
  school =       {Universit\"at Bonn},
  address =      {Bonn, Germany},
  year =         {1995},
  report =       {BONN-IR-95-09},
  submitdate =   {29.08.05-14:31},
  checked =      {2}
}

@Thesis{thesis:mass:1995,
  author =       {A.~Mass},
  title =        {{Nachweis von {$J/\Psi$}-Mesonen mit Hilfe
                  neuronaler Netze in Photoproduktionsereignissen an
                  HERA}},
  thesistype =   {Ph.D.\ Thesis},
  school =       {Universit\"at Bonn},
  address =      {Bonn, Germany},
  year =         {1995},
  report =       {BONN-IR-95-07},
  www =          {http://www-zeus.physik.uni-bonn.de/german/phd.html},
  submitdate =   {29.08.05-14:31},
  checked =      {2}
}

@Thesis{thesis:bargende:1995,
  author =       {A.~Bargende},
  title =        {{Charm-Produktion in ep-Kollisionen mit dem
                  ZEUS-Detektor bei HERA}},
  thesistype =   {Ph.D.\ Thesis},
  school =       {Universit\"at Bonn},
  address =      {Bonn, Germany},
  year =         {1995},
  report =       {BONN-IR-95-06},
  www =          {http://www-zeus.physik.uni-bonn.de/german/phd.html},
  submitdate =   {29.08.05-14:31},
  checked =      {2}
}

@Thesis{thesis:schattevoy:1994,
  author =       {R.~Schattevoy},
  title =        {{Optimierung, Validation und Analyse der
                  ZEUS-Ereignisselektion unter besonderer
                  Ber\"ucksichtigung der Kalorimetrie}},
  thesistype =   {Ph.D.\ Thesis},
  school =       {Universit\"at Bonn},
  address =      {Bonn, Germany},
  year =         {1994},
  report =       {BONN-IR-94-08},
  submitdate =   {29.08.05-14:31},
  checked =      {2}
}

@Thesis{thesis:schneider:1993,
  author =       {J.L.~Schneider},
  title =        {{Der hadronische Endzustand in der tiefinelastischen
                  Elektron-Proton-Streuung. Ein Vergleich zwischen den
                  1992 gemessenen ZEUS-Daten und theoretischen
                  Modellen}},
  thesistype =   {Ph.D.\ Thesis},
  school =       {Universit\"at Bonn},
  address =      {Bonn, Germany},
  year =         {1993},
  report =       {BONN-IR-93-71},
  submitdate =   {29.08.05-14:31},
  checked =      {2}
}

@Thesis{thesis:kramarczyk:1993,
  author =       {S.~Kramarczyk},
  title =        {{Entwicklung, Bau und Test der planaren
                  Vorw\"artsdriftkammer des ZEUS-Innendetektors sowie
                  Analysen zu Kammereigenschaften}},
  thesistype =   {Ph.D.\ Thesis},
  school =       {Universit\"at Bonn},
  address =      {Bonn, Germany},
  year =         {1993},
  report =       {BONN-IR-93-45},
  submitdate =   {29.08.05-14:31},
  checked =      {2}
}

@Thesis{thesis:muesch:1993,
  author =       {H.~M\"usch},
  title =        {{Entwicklung und Bau des
                  ZEUS-\"Ubergangsstrahlungsdetektors}},
  thesistype =   {Ph.D.\ Thesis},
  school =       {Universit\"at Bonn},
  address =      {Bonn, Germany},
  year =         {1993},
  report =       {BONN-IR-93-18},
  submitdate =   {29.08.05-14:31},
  checked =      {2}
}

@Thesis{thesis:gutjahr:1993,
  author =       {B.~Gutjahr},
  title =        {{Entwicklung, Bau und Test der planaren
                  Vorw\"artsdriftkammer des ZEUS-Innendetektors sowie
                  Untersuchungen zur optimalen Signalverarbeitung}},
  thesistype =   {Ph.D.\ Thesis},
  school =       {Universit\"at Bonn},
  address =      {Bonn, Germany},
  year =         {1993},
  report =       {BONN-IR-93-17},
  submitdate =   {29.08.05-14:31},
  checked =      {2}
}

@Thesis{thesis:kueckes:1992,
  author =       {M.~K\"uckes},
  title =        {{Entwicklung eines rezirkulierenden Xe-Gassystems
                  f\"ur den ZEUS-\"Ubergangsstrahlungsdetektor}},
  thesistype =   {Ph.D.\ Thesis},
  school =       {Universit\"at Bonn},
  address =      {Bonn, Germany},
  year =         {1992},
  report =       {BONN-IR-92-54},
  submitdate =   {29.08.05-14:31},
  checked =      {2}
}

@Thesis{thesis:dabbous:1992,
  author =       {H.~Dabbous},
  title =        {{Das Online-\"Uberwachungssystem des
                  ZEUS-Vorw\"artsdetektors}},
  thesistype =   {Ph.D.\ Thesis},
  school =       {Universit\"at Bonn},
  address =      {Bonn, Germany},
  year =         {1992},
  report =       {BONN-IR-92-43},
  submitdate =   {29.08.05-14:31},
  checked =      {2}
}

@Thesis{thesis:schneider:1991,
  author =       {B.~Schneider},
  title =        {{Aufbau und Test der r\"uckw\"artigen planaren
                  Driftkammer des ZEUS-Detektors}},
  thesistype =   {Ph.D.\ Thesis},
  school =       {Universit\"at Bonn},
  address =      {Bonn, Germany},
  year =         {1991},
  report =       {BONN-IR-91-65},
  submitdate =   {29.08.05-14:31},
  checked =      {2}
}

@Thesis{thesis:dobberstein:1990,
  author =       {M.P.~Dobberstein},
  title =        {{Die Laserkalibration der
                  ZEUS-Vorw\"artsdriftkammern: Untersuchungen der
                  Elektronendrift im inhomogenen Magnetfeld}},
  thesistype =   {Ph.D.\ Thesis},
  school =       {Universit\"at Bonn},
  address =      {Bonn, Germany},
  year =         {1990},
  report =       {BONN-IR-90-51},
  submitdate =   {29.08.05-14:31},
  checked =      {2}
}

@Thesis{thesis:kraemer:1990,
  author =       {M.~Kr\"amer},
  title =        {{Kalibration des ZEUS-Vorw\"artskalorimeters}},
  thesistype =   {Ph.D.\ Thesis},
  school =       {Universit\"at Bonn},
  address =      {Bonn, Germany},
  year =         {1990},
  report =       {BONN-IR-90-45},
  submitdate =   {29.08.05-14:31},
  checked =      {2}
}

@Thesis{thesis:oedingen:1987,
  author =       {R.~Oedingen},
  title =        {{Untersuchungen zum Einsatz von \"Ubergangsstrahlung
                  zur Teilchenidentifikation bei ZEUS}},
  thesistype =   {Ph.D.\ Thesis},
  school =       {Universit\"at Bonn},
  address =      {Bonn, Germany},
  year =         {1987},
  report =       {BONN-IR-87-41},
  submitdate =   {29.08.05-14:31},
  checked =      {2}
}
