% Synonyms for standard LaTeX4ZEUS entries that were removed or renamed.
% Normally you should avoid using this file
@Article{jhep.02.01,cross-ref={jhep02:2000:001}}
@Article{jhep01:010,cross-ref={jhep01:2001:010}}
@Article{jhep:07:012,cross-ref={jhep07:2002:012}}
@Article{jhep:06:029,cross-ref={jhep06:2002:029}}
@Article{jhep:08:007,cross-ref={jhep08:2003:007}}
@Article{jhep:0412:052,cross-ref={jhep12:2004:052}}
@Article{cpp:124:290,cross-ref={cpc:124:290}}
