%==============================================================================
%
%      Books
%      -----
%
%==============================================================================

%------------------------------------------------------------------------------
%      Previous to 1970
%------------------------------------------------------------------------------

@Book{weyl:1952:sym,
  author =       {H.~Weyl},
  title =        {Symmetry},
  year =         {1952},
  publisher =    {Princeton University Press},
  submitdate =   {05.01.01-14:41},
  checked =      {1}
}

%------------------------------------------------------------------------------
%      1972
%------------------------------------------------------------------------------

@Book{perkins:1972:4:hep,
  author =       {Donald H. Perkins},
  title =        {Introduction to High Energy Physics},
  publisher =    {Cambridge U. Press},
  year =         {1972},
  submitdate =   {14.11.02-12:23},
  checked =      {2}
}

@Book{feynman:1972:photon,
  author =       {R.P.~Feynman},
  title =        {Photon-Hadron Interactions},
  publisher =    {W.A.~Benjamin Inc.},
  address =      {Reading, MA},
  year =         {1972},
  series =       {Frontiers in Physics},
  submitdate =   {21.05.02-12:31},
  checked =      {2}
}

%------------------------------------------------------------------------------
%      1977
%------------------------------------------------------------------------------

@Book{collins:1977:regge,
  Author =	 {P.D.B.~Collins},
  Title =	 {An Introduction to {Regge} Theory and High Energy Physics},
  Year =	 {1977},
  Publisher =	 {Cambridge University Press},
  Checked =	 {1}
} 

%------------------------------------------------------------------------------
%      1979
%------------------------------------------------------------------------------
@Book{close:1979:quarks,
  author =       {F.E.~Close},
  title =        {An Introduction to Quarks and Partons},
  publisher =    {Academic Press Inc. (London) Ltd},
  address =      {24--28 Oval Road, London NW1},
  year =         {1979},
  submitdate =   {25.07.01-18:45},
  checked =      {1}
}

%------------------------------------------------------------------------------
%      1981
%------------------------------------------------------------------------------
@InCollection{salam:in:1981:gauge,
  author =       {A.~Salam},
  title =        {Weak and Electromagnetic Interactions},
  editor =       {C.H.~Lai},
  booktitle =    {Selected Papers on Gauge Theory of Weak and Electromagnetic Interactions},
  publisher =    {World Scientific},
  address =      {Singapore},
  year =         {1981},
  pages =        {188},
  note =         {Reprint of A. Salam, {\it Weak and Electromagnetic Interactions} in {\it Elementary Particle Theory} ed.\ N.~Svartholm (Almqvist and Wiskell, Stockholm, 1968)},
  submitdate =   {16.01.02-17:30},
  checked =      {2}
}


%------------------------------------------------------------------------------
%      1983
%------------------------------------------------------------------------------

@Book{quigg:1983:gauge,
  author =       {C.~Quigg},
  title =        {Gauge Theories of the Strong, Weak and Electromagnetic
                  Interactions},
  publisher =    {Benjamin/Cummings},
  address =      {Menlo Park, California},
  year =         {1983},
  series =       {Frontiers in Physics},
  submitdate =   {13.01.01-16:28},
  checked =      {1}
}

%------------------------------------------------------------------------------
%      1984
%------------------------------------------------------------------------------
@Book{halzen:1984:quarks,
  author =       {F.~Halzen and A.D.~Martin},
  title =        {Quarks and Leptons: An Introductory Course in Modern Particle
                  Physics},
  publisher =    {John Wiley \& Sons, Inc},
  year =         {1984},
  submitdate =   {21.06.01-14:58},
  checked =      {1}
}

%------------------------------------------------------------------------------
%      1985
%------------------------------------------------------------------------------

@Book{cheng:1985:gauge,
  author =       {T.P.~Cheng and L.F.~Li},
  title =        {Gauge Theory of Elementary Particle Physics},
  publisher =    {Clarendon Press (Oxford Science Publications)},
  address =      {Oxford, UK},
  year =         {1984},
  submitdate =   {12.01.01},
  checked =      {1}
}


%------------------------------------------------------------------------------
%      1987
%------------------------------------------------------------------------------

@Book{griffiths:1987:particles,
  author =       {D.~Griffiths},
  title =        {Introduction to elementary particles},
  publisher =    {John Wiley \& Sons, Inc.},
  year =         {1987},
  submitdate =   {10.08.01-14:25},
  checked =      {1}
}

%------------------------------------------------------------------------------
%      1988
%------------------------------------------------------------------------------
@Book{schmueser:1988:feynman-graphen,
  author =       {P.~Schm\"user},
  title =        {{Feynman-Graphen und Eichtheorien f\"ur Experimentalphysiker}},
  publisher =    {Springer},
  address =      {Berlin},
  year =         {1988},
  volume =       {295},
  series =       {Lecture Notes in Physics},
  submitdate =   {18.09.01-14:40},
  checked =      {2}
}


%------------------------------------------------------------------------------
%      1989
%------------------------------------------------------------------------------

@Book{collins:1989:particle,
  author =       {P.D.B.~Collins, A.D.~Martin and E.J.~Squires},
  title =        {Particle Physics and Cosmology},
  publisher =    {John Wiley \& Sons, New York},
  year =         {1989},
  submitdate =   {30.01.02-13:46},
  checked =      {1}
}

@InBook{lipatov:1989:perturbativeqcd:p411,
  title =        {Perturbative {Quantum Chromodynamics}},
  editor =       {A.~Mueller},
  publisher =    {World Scientific},
  year =         {1989},
  pages =        {411},
  submitdate =   {09.07.01-19:08},
  checked =      {1}
}

@Book{barlow:1989:statistics,
  author =       {R.J.~Barlow},
  title =        {Statistics: A Guide to the Use of Statistical Methods in the
                  Physical Sciences},
  publisher =    {J. Wiley and Sons},
  address =      {Chichester, (England)},
  year =         {1989},
  series =       {The Manchester Physics Series},
  submitdate =   {26.01.01-13:41},
  checked =      {2}
}

%------------------------------------------------------------------------------
%      1990
%------------------------------------------------------------------------------
@Book{renton:1990:electroweak,
  author =       {P.~Renton},
  title =        {Electroweak Interactions: An Introduction to the Physics of
                  Quarks and Leptons},
  publisher =    {Cambridge University Press},
  address =      {Cambridge (UK)},
  year =         {1990},
  submitdate =   {01.02.01-16:00},
  checked =      {1}
}

@Book{roberts:1990:proton,
  author =       {R.G.~Roberts},
  title =        {The Structure of the Proton -- Deep Inelastic Scattering},
  publisher =    {Cambridge University Press},
  address =      {Cambridge},
  year =         {1990},
  submitdate =   {30.01.02-10:28},
  checked =      {1}
}

@Book{jackson:1990:neural,
  author =       {R.~Beale and T.~Jackson},
  title =        {Neural Computing: An Introduction},
  publisher =    {Adam~Hilger},
  year =         {1990},
  submitdate =   {15.10.02-17:38},
  checked =      {2}
}

%------------------------------------------------------------------------------
%      1991
%------------------------------------------------------------------------------

%------------------------------------------------------------------------------
%      1992
%------------------------------------------------------------------------------
@Book{dsouza:1992:preons,
  author =       {I.A.~D'Souza and C.S.~Kalman},
  title =        {{PREONS} -- Models of Leptons, Quarks and Gauge Bosons as
                  Composite Objects},
  publisher =    {World Scientific},
  address =      {Singapore},
  year =         {1992},
  submitdate =   {30.01.02-10:25},
  checked =      {1}
}

@Book{wille:1992:beschleuniger,
  author =       {K.~Wille},
  title =        {{Physik der Teilchenbeschleuniger und
                  Synchrotronstrahlungsquellen}},
  publisher =    {B.G.~Teubner},
  address =      {Stuttgart},
  year =         {1992},
  series =       {Teubner-Studienb\"ucher: Physik},
  submitdate =   {03.09.01-20:39},
  checked =      {2}
}

%------------------------------------------------------------------------------
%      1993
%------------------------------------------------------------------------------

@Book{marshak:1993:modern,
  author =       {R.E.~Marshak},
  title =        {Conceptual Foundations of Modern Particle Physics},
  publisher =    {World Scientific},
  address =      {Singapore},
  year =         {1993},
  submitdate =   {13.01.01-13:45},
  checked =      {1}
}

%------------------------------------------------------------------------------
%      1994
%------------------------------------------------------------------------------

%------------------------------------------------------------------------------
%      1995
%------------------------------------------------------------------------------

%------------------------------------------------------------------------------
%      1996
%------------------------------------------------------------------------------
 
@Book{ellis:1996:qcd,
  Author =	 {R.K.~Ellis, W.J.~Stirling and B.R.~Webber},
  Title =	 {{QCD} and Collider Physics},
  Year =	 {1996},
  Publisher =	 {Cambridge University Press},
  Series =	 {Cambridge Monographs on Particle Physics, Nuclear Physics and
                  Cosmology},
  Volume =	 {8},
  Checked =	 {1}
}

@Book{leader:1996:particle,
  author =       {E.~Leader and E.~Predazzi},
  title =        {An Introduction to Gauge Theories and Modern Particle Physics},
  publisher =    {Cambridge University Press},
  year =         {1996},
  volume =       {1},
  submitdate =   {16.10.01-17:12},
  checked =      {1}
}

%------------------------------------------------------------------------------
%      1997
%------------------------------------------------------------------------------

@Book{forshaw:1997:pomeron,
  Author =	 {J.R.~Forshaw and D.A.~Ross},
  Title =	 {{Quantum Chromodynamics} and the Pomeron},
  Year =	 {1997},
  Series =	 {Cambridge Lecture Notes in Physics},
  Volume =       {9},
  Publisher =	 {Cambridge University Press},
  Checked =	 {1}
}

@Book{crittenden:1997:mesons,
  author =       {J.A.~Crittenden},
  title =        {Exclusive Production of Neutral Vector Mesons at the
                  Electron-Proton Collider {HERA}},
  publisher =    {Springer},
  address =      {Berlin, Germany},
  year =         {1997},
  volume =       {140},
  series =       {Springer Tracts in Modern Physics},
  submitdate =   {25.01.01-12:31},
  checked =      {1}
}

%------------------------------------------------------------------------------
%      1998
%------------------------------------------------------------------------------
@Book{blobel:1998:statistik,
  author =       {V.~Blobel and E.~Lohrmann},
  title =        {Statistische und {numerische} Methoden der Datenanalyse},
  publisher =    {B.G.~Teubner},
  address =      {Stuttgart, (Germany)},
  year =         {1998},
  series =       {Teubner-Studienb\"ucher : Physik},
  note =         {in German},
  submitdate =   {26.01.01-13:36},
  checked =      {2}
}

%------------------------------------------------------------------------------
%      1999
%------------------------------------------------------------------------------

%------------------------------------------------------------------------------
%      2000
%------------------------------------------------------------------------------

@Book{katz:2000:hera,
  author =       {U.F.~Katz},
  title =        {Deep-Inelastic Positron--Proton Scattering in the
                  High-Momentum-Transfer Regime of {HERA}},
  publisher =    {Springer},
  address =      {Berlin, Heidelberg},
  year =         {2000},
  volume =       {168},
  series =       {Springer Tracts in Modern Physics},
  submitdate =   {06.12.00-12:43},
  checked =      {1}
}

%------------------------------------------------------------------------------
%      2003
%------------------------------------------------------------------------------
@Book{devenish:2003:dis,
  author =       {R.~Devenish and A.~Cooper-Sarkar},
  title =        {Deep Inelastic Scattering},
  publisher =    {Oxford University Press},
  year =         {2003},
  submitdate =   {04.01.06-12:14},
  checked =      {2}
}
