%==============================================================================
%
%      Misc
%      ----
%
%==============================================================================

%------------------------------------------------------------------------------
%      1986
%------------------------------------------------------------------------------

@Unpublished{upub:hilger:coord,
  author =       {E.~Hilger},
  title =        {ZEUS Coordinate System},
  year =         {1986},
  note =         {ZEUS-86-17, internal ZEUS note},
  submitdate =   {24.01.01-17:54},
  checked =      {2}
}

%------------------------------------------------------------------------------
%      1987
%------------------------------------------------------------------------------

@TechReport{tech:cern-dd-ee-84-1,
  Author =	 {R.~Brun \etal},
  Title =	 {\textsc{Geant3}},
  Year =	 {1987},
  Number =	 {CERN-DD/EE/84-1},
  Institution =	 {CERN},
  Checked =	 {2}
}

%------------------------------------------------------------------------------
%      1990
%------------------------------------------------------------------------------

%------------------------------------------------------------------------------
%      1991
%------------------------------------------------------------------------------

%------------------------------------------------------------------------------
%      1992
%------------------------------------------------------------------------------
@Manual{manual:cern-th-6488/92,
  author =       {T.~Sj\"ostrand},
  title =        {\textsc{Pythia} 5.6 and \textsc{Jetset} 7.3 Physics and Manual},
  organization = {CERN},
  year =         {1992},
  note =         {CERN-TH.6488/92},
  submitdate =   {09.02.01-16:17},
  checked =      {2}
}

@Manual{manual:adamo:v3.2,
  author =       {S.M.~Fisher and P.~Palazzi},
  title =        {{ADAMO} Programmers Manual -- Version 3.2},
  organization = {CERN ECP},
  www =          {http://adamo.web.cern.ch/Adamo/programmers_manual/TOC_of_adamo.html},
  submitdate =   {16.12.02-14:16},
  checked =      {2}
}

@Unpublished{upub:limentani:zn92027,
  author =       {S.~Limentani, M.~Posocco and L.~Stanco},
  title =        {Muon Barrel Reconstruction},
  year =         {1992},
  note =         {ZEUS-92-027, internal ZEUS Note},
  submitdate =   {06.09.03-17:47},
  checked =      {2}
}

@Unpublished{upub:dejong:zn92019,
  author =       {P.~de~Jong},
  title =        {Status of the Uranium Calorimeter Reconstruction Software},
  year =         {1992},
  note =         {ZEUS-92-019, internal ZEUS Note},
  submitdate =   {02.10.03-10:24},
  checked =      {2}
}

%------------------------------------------------------------------------------
%      1993
%------------------------------------------------------------------------------
@Manual{manual:cern-th-7112/93,
  author =       {T.~Sj\"ostrand},
  title =        {\textsc{Pythia} 5.7 and \textsc{Jetset} 7.4 Physics and Manual},
  year =         {1993},
  note =         {CERN-TH 7112/93},
  submitdate =   {11.12.02-20:09},
  checked =      {2}
}

@Manual{manual:fic,
  title =        {{FIC} 8234 Dual 68040 Fast Intelligent Controller User's Manual},
  organization = {Creative Electronic Systems S.A.},
  year =         {1993},
  submitdate =   {21.03.01-13:07},
  checked =      {2}
}

@Misc{misc:moliere,
  title =        {\textsc{Geant} v3.13 modules \textsc{GMOLI.FPP} \& \textsc{GMOLS.FPP}},
  www =          {http://wwwasdoc.web.cern.ch/wwwasdoc/geant_html3/node247.html},
  howpublished = {In \textsc{Geant} -- Detector Description and Simulation, {CERN} Program Library Long Writeup W5013},
  submitdate =   {20.06.01-18:03},
  checked =      {2}
}

@Unpublished{upub:abbiendi:zn93120,
  author =       {G.~Abbiendi \etal},
  title =        {Observation of {$J/\psi\to \mu^+ \mu^-$} in the first
                  $274\nbi$ of 1993 Run},
  year =         {1993},
  note =         {ZEUS-93-120, internal ZEUS Note},
  submitdate =   {06.09.03-18:12},
  checked =      {2}
}

@Unpublished{upub:caldwell:timecal,
  author =       {A.~Caldwell \etal},
  title =        {The Time Calibration of the {ZEUS} Calorimeter},
  year =         {1993},
  note =         {ZEUS-93-021, internal ZEUS Note},
  submitdate =   {24.09.03-17:26},
  checked =      {2}
}

@Unpublished{upub:wai:zn9312,
  author =       {L.~Wai},
  title =        {A Muon Separator},
  year =         {1993},
  note =         {ZEUS-93-12, internal ZEUS Note},
  submitdate =   {25.09.03-23:16},
  checked =      {2}
}

%------------------------------------------------------------------------------
%      1994
%------------------------------------------------------------------------------
@Unpublished{upub:chlebana:zn94102,
  author =       {F.~Chlebana},
  title =        {Description of the {ZEUS} Global Second Level Trigger in 1994},
  year =         {1994},
  note =         {ZEUS-94-102, internal ZEUS Note},
  submitdate =   {10.09.03-21:25},
  checked =      {2}
}

%------------------------------------------------------------------------------
%      1995
%------------------------------------------------------------------------------

@Unpublished{upub:ng:srtd,
  author =       {J.~Ng and W.~Verkerke},
  title =        {An Overview of SRTD Analysis},
  note =         {ZEUS-95-37},
  submitdate =   {06.08.01-18:45},
  checked =      {1}
}

@Unpublished{upub:piotrzkowski:lumi,
  author =       {K.~Piotrzkowski and M.~Zachara},
  title =        {Determination of the ZEUS Luminosity in 1994},
  year =         {1995},
  note =         {ZEUS-95-138},
  submitdate =   {07.08.01-19:01},
  checked =      {1}
}

@Unpublished{desy:95:54,
  author =       {H.~Abramowicz,~A.~Caldwell,~R.~Sinkus},
  title =        {Neural Network Based Electron Identification in the ZEUS
                  Calorimeter},
  note =         {DESY-95-054},
  submitdate =   {09.08.01-17:43},
  checked =      {1}
}

@Unpublished{upub:bamberger:zn95095,
  author =       {A.~Bamberger \etal},
  title =        {The Small Angle Rear Track Detector for {ZEUS}},
  year =         {1995},
  note =         {ZEUS-95-095, internal ZEUS Note},
  submitdate =   {06.06.01-16:19},
  checked =      {2}
}

@Manual{manual:pdflib,
  author =       {H.~Plothow-Besch},
  title =        {{PDFLIB}: Nucleon, Pion and Photon Parton Density Functions and $\alpha_s$ Calculations},
  year =         {1995},
  organisation = {CERN},
  address =      {Geneva},
  note =         {{CERN} Program Library Entry W5051},
  submitdate =   {30.01.02-17:54},
  checked =      {2}
}

@TechReport{tech:desy-prc-95-01,
  author =       {HERA-B \coll},
  title =        {{HERA}--{B}: An Experiment to Study {CP} Violation in the {B}
                  System Using an Internal Target at the {HERA} Proton Ring},
  organization = {DESY},
  year =         {1995},
  report =       {DESY-PRC 95/01},
  type =         {{Design Report}},
  submitdate =   {16.12.02-14:22},
  checked =      {2}
}

%------------------------------------------------------------------------------
%      1996
%------------------------------------------------------------------------------

@Manual{spi:www:heracles,
  author =       {H.~Spiesberger},
  title =        {An Event Generator for $ep$ Interactions at {HERA} Including
                  Radiative Processes (Version 4.6)},
  year =         {1996},
  www =          {http://www.desy.de/~hspiesb/heracles.html},
  submitdate =   {11.12.00-12:21},
  checked =      {1}
}

@Manual{spi:www:django6,
  author =       {H.~Spiesberger},
  title =        {\textsc{Django6} Version 2.4 -- A {Monte Carlo} Generator for
                  Deep Inelastic Lepton Proton Scattering Including {QED} and
                  {QCD} Radiative Effects},
  year =         {1996},
  www =          {http://www.desy.de/~hspiesb/django6.html},
  submitdate =   {09.02.01-14:53},
  checked =      {2}
}

@Unpublished{upub:kuzmin:zn96134,
  author =       {V.A.~Kuzmin},
  title =        {The Muon Finder for {FCAL}},
  year =         {1996},
  note =         {ZEUS-96-134, internal ZEUS Note},
  submitdate =   {17.01.01-14:59},
  checked =      {2}
}

@Manual{manual:morrissey:seqsi,
  author =       {M.~Morrissey},
  title =        {{SEQSI} Manual},
  year =         {1996},
  submitdate =   {21.03.01-13:10},
  checked =      {2}
}

@Unpublished{upub:claus:crn9633,
  author =       {G.~Claus, W.~Dulinski and A.~Lounis},
  title =        {Strip Detectors Read-Out System User's Guide},
  year =         {1996},
  note =         {CNRS-IN2P3/ULP Internal Note CRN 96-33},
  submitdate =   {21.03.01-13:14},
  checked =      {2}
}

@Unpublished{upub:amelung:zn9693,
  author =       {Ch.~Amelung},
  title =        {Electron Position Reconstruction in {ZEUS}: Further Update of
                  the {ELECPO} Package (Based on 1995 Data)},
  year =         {1996},
  note =         {ZEUS-96-093, internal ZEUS note},
  submitdate =   {23.11.01-10:37},
  checked =      {2}
}


@Unpublished{upub:repond:zn96133,
  author =       {J.~Repond},
  title =        {Jet Energy Corrections},
  year =         {1996},
  note =         {ZEUS-96-133, internal ZEUS Note},
  submitdate =   {09.08.01-17:37},
  checked =      {2}
}

@Manual{manual:caen:v513,
  organization = {CAEN},
  title =        {Technical Information Manual: {MOD.~V513} 16 Channel Programmable {I/O} Register},
  www =          {http://www.caen.it},
  year =         {1996},
  submitdate =   {25.02.02-18:27},
  checked =      {2}
}

@Unpublished{upub:bellagamba:zn96051,
  author =       {L.~Bellagamba},
  title =        {MVMATCH: A package to Match {FMUON} Tracks with Central
                  Detectors},
  year =         {1996},
  note =         {ZEUS-96-051, internal ZEUS Note},
  submitdate =   {05.09.03-18:58},
  checked =      {2}
}

%------------------------------------------------------------------------------
%      1997
%------------------------------------------------------------------------------

@Unpublished{upub:catterall:ctd-cal,
  author =       {C.~Catterall and F.~Pelucchi},
  title =        {Comparison of CTD and Calorimeter Measurement of the DIS
                  Positron Angle with High $Q^2$ Events},
  month =        jul,
  year =         {1997},
  note =         {ZEUS-97-56},
  submitdate =   {07.08.01-16:45},
  checked =      {1}
}

@Unpublished{zn:97:57,
  author =       {J.M.~Butterworth, L.~Feld, R.L.~Saunders},
  title =        {Measurement of Dijet Cross Sections in Photoproduction 
at HERA},
  note =         {ZEUS-97-057},
  www ={http://www-zeus.desy.de/ZEUS_ONLY/zeus_notes/ZEUS_NOTES/ZEUS-97-057.ps},
  submitdate =   {09.08.01-17:23},
  checked =      {1}
}

@Unpublished{zn:98:040,
  author =       {R.~Pawlak},
  title =        {Vertex reconstruction from FCAL timing},
  note =         {ZEUS-98-040},
  submitdate =   {14.08.03-14:11},
  checked =      {1}
}
@Manual{manual:murer:vi2c,
  author =       {E.~Murer},
  title =        {{VI2C} Manual},
  year =         {1997},
  submitdate =   {21.03.01-13:09},
  checked =      {2}
}

@Unpublished{upub:hartner:zn9764,
  author =       {G.F.~Hartner \etal},
  title =        {{VCTRAK}(3.07/04): Offline Output Information},
  year =         {1997},
  note =         {ZEUS-97-064, internal ZEUS Note},
  submitdate =   {06.06.01-12:00},
  checked =      {2}
}

@Unpublished{upub:amelung:zn9753,
  author =       {Ch.~Amelung},
  title =        {Electron Position Reconstruction in {ZEUS}: Another Update of
                  the {ELECPO} Package (Based on 1995/96 Data)},
  year =         {1997},
  note =         {ZEUS-97-053, internal ZEUS Note},
  submitdate =   {23.11.01-10:24},
  checked =      {2}
}

@Unpublished{upub:sfew:discode,
  author =       {ZEUS SFEW Group},
  title =        {{DIS} Reconstruction Routines},
  year =         {1997},
  www =          {http://www-zeus.desy.de/physics/sfew/ZEUS_ONLY/doc/documentation.html},
  submitdate =   {12.06.03-12:29},
  checked =      {2}
}

@Unpublished{upub:grosse-knetter:zn9739,
  author =       {J.~Grosse-Knetter},
  title =        {Energy Correction for Islands},
  year =         {1997},
  note =         {ZEUS-97-039, internal ZEUS Note},
  submitdate =   {15.08.03-12:59},
  checked =      {2}
}

%------------------------------------------------------------------------------
%      1998
%------------------------------------------------------------------------------
 
@Manual{spi:www:djangoh11,
  Author =	 {H.~Spiesberger},
  Title =	 {\textsc{Heracles} and \textsc{Djangoh}: Event Generation for $ep$
                  Interactions at {HERA} Including Radiative Processes},
  Year =	 {1998},
  WWW =		 {http://www.desy.de/~hspiesb/djangoh.html},
  Checked =	 {2}
}

@Unpublished{zn:98:07,
  author =       {A.~Savin},
  title =        {Study of Calorimeter Noise in the 1996 Data},
  note =         {ZEUS-98-007},
  submitdate =   {09.08.01-17:49},
  checked =      {1}
}

@Unpublished{upub:james:minuit94.1,
  author =       {F.~James},
  title =        {Minuit v94.1, {CERN} Program Library Long Writeup D506},
  www =          {http://wwwinfo.cern.ch/asdoc/minuit/minmain.html},
  submitdate =   {10.07.01-16:25},
  checked =      {2}
}

@TechReport{tech:pol2000prc,
  author =       {Polarization 2000 Group, V.~Andreev \etal},
  title =        {A Proposal for an Upgrade of the {HERA} Polarimeters for {HERA} 2000},
  organization = {DESY},
  year =         {1998},
  report =       {DESY PRC 98-07},
  type =         {Report},
  submitdate =   {09.04.01-16:02},
  checked =      {2}
}

@Unpublished{upub:hartner:zn9858,
  author =       {G.F.~Hartner},
  title =        {{VCTRAK} Briefing: Program and Math},
  year =         {1998},
  note =         {ZEUS-98-058, internal ZEUS Note},
  submitdate =   {28.05.01-20:49},
  checked =      {2}
}

@Unpublished{upub:savin:zn987,
  author =       {A.~Savin},
  title =        {Study of Calorimeter Noise in the 1996 Data},
  year =         {1998},
  note =         {ZEUS-98-007, internal ZEUS Note},
  submitdate =   {24.07.01-15:54},
  checked =      {2}
}

@Unpublished{upub:grosse-knetter:zn9831,
  author =       {J.~Grosse-Knetter},
  title =        {Corrections for the Hadronic Final State},
  year =         {1998},
  note =         {ZEUS-98-031, internal ZEUS Note},
  submitdate =   {24.07.01-16:40},
  checked =      {2}
}

@Unpublished{upub:kruse:zn98025,
  author =       {A.~Kruse and A.~van~Sighem},
  title =        {{MUFFINCUP}- A Wrapper for {MUFFIN}: User Manual and
                  Documentation},
  year =         {1998},
  note =         {ZEUS-98-025, internal ZEUS Note},
  submitdate =   {30.09.03-14:58},
  checked =      {2}
}

@Unpublished{upub:quadt:zn98036,
  author =       {A.~Quadt and O.~Ruske},
  title =        {A New Method to Measure Vertex Distributions},
  year =         {1998},
  note =         {ZEUS-98-036, internal ZEUS Note},
  submitdate =   {26.11.03-15:37},
  checked =      {2}
}

%------------------------------------------------------------------------------
%      1999
%------------------------------------------------------------------------------

@Private{priv:kuzmin:1999,
  author =       {V.A.~Kuzmin},
  year =         {1999},
  submitdate =   {17.01.01-15:00},
  checked =      {1}
}

@Private{priv:kappes:1999,
  author =       {A.~Kappes},
  year =         {1999},
  submitdate =   {05.02.01-10:35},
  checked =      {1}
}

@Unpublished{upub:olkiewicz:lumi,
  author =       {K.~Olkiewicz and A.~Eskreys},
  title =        {Off-line Luminosity Calculation in the ZEUS Experiment in 1997, 1998 and 1999},
  year =         {1999},
  note =         {ZEUS-99-44},
  submitdate =   {08.08.01-12:07},
  checked =      {1}
}

@Unpublished{upub:hall-wilton:f2charm,
  author =       {R.~Hall-Wilton, L.~Labarga, A.~Prinias, I.~Redondo and
                  W.~Zeuner},
  title =        {Measurement of $D^{\ast}$ Cross Sections and the Charm
                  Structure Function of the Proton in DIS at HERA},
  year =         {1999},
  note =         {ZEUS-99-065},
  submitdate =   {16.08.01-11:44},
  checked =      {1}
}

@Unpublished{upub:botje:qcd,
  author =       {M.~Botje},
  title =        {A {QCD} Analysis of {HERA} and Fixed Target Structure Function
                  Data},
  note =         {Zeus Note 99-027},
  submitdate =   {10.07.01-16:11},
  checked =      {1}
}

@Unpublished{upub:hall-wilton:zn9924,
  author =       {R.~Hall-Wilton \etal},
  title =        {The {CTD} Tracking Resolution},
  year =         {1999},
  note =         {ZEUS-99-024, internal ZEUS-note},
  submitdate =   {11.01.01-14:47},
  checked =      {2}
}

@Misc{misc:atlas98-99,
  title =        {{ATLAS98-99} Silicon Microstrip Detector Layout},
  year =         {1999},
  www =          {http://atlas.web.cern.ch/Atlas/GROUPS/INNER_DETECTOR/SCT/module/si_det.html},
  submitdate =   {05.03.01-19:11},
  checked =      {2}
}

@Misc{misc:gendvcs,
  author =       {P.R.B.~Saull},
  title =        {\textsc{GenDVCS 1.0}: A {Monte Carlo} Generator for Deeply Virtual {Compton} Scattering
                  at {HERA}},
  year =         {1999},
  www =          {http://www-zeus.desy.de/physics/diff/pub/MC/},
  submitdate =   {07.07.01-12:39},
  checked =      {2}
}

@Unpublished{upub:schlenstedt:zn9977,
  author =       {A.~L\'opez-Dur\'an~Viani and S.~Schlenstedt},
  title =        {Electron Finder Efficiencies and Impurities. A Comparison
                  Between {SINISTRA95}, {EM} and {EMNET}},
  year =         {1999},
  note =         {ZEUS-99-077, internal ZEUS Note},
  submitdate =   {18.09.01-15:54},
  checked =      {2}
}

@Unpublished{upub:hall-wilton:zn9965,
  author =       {R.~Hall-Wilton \etal},
  title =        {Measurement of $D^{\ast \pm}$ Cross Sections and the Charm
                  Structure Function of the Proton in Deep Inelastic Scattering
                  at {HERA}},
  year =         {1999},
  note =         {ZEUS-99-065, internal ZEUS Note},
  submitdate =   {18.12.02-15:48},
  checked =      {2}
}

@Unpublished{upub:abbiendi:zn99063,
  author =       {G.~Abbiendi},
  title =        {Global Tracking of Muons in the Barrel and Rear Region},
  year =         {1999},
  note =         {ZEUS-99-063, internal ZEUS Note},
  submitdate =   {05.09.03-19:19},
  checked =      {2}
}

%------------------------------------------------------------------------------
%      2000
%------------------------------------------------------------------------------

@Private{priv:tobe:2000,
  author =       {K.~Tobe},
  year =         {2000},
  submitdate =   {16.01.01-10:47},
  checked =      {1}
}

@Private{priv:perez:2000,
  author =       {E.~Perez},
  year =         {2000},
  submitdate =   {30.01.01-17:15},
  checked =      {1}
}

@Unpublished{upub:botje:qcdnum1612,
  author =       {M.~Botje},
  title =        {{QCDNUM} version 16.12},
  submitdate =   {10.07.01-16:23},
  www =          {http://www.nikhef.nl/~h24/qcdcode/index.html},
  checked =      {1}
}

@Private{priv:forshaw:2000,
  Author =	 {J.~Forshaw},
  Checked =	 {2}
}

@Private{priv:bluemlein:2000,
  Author =	 {J.~Bl\"umlein},
  Checked =	 {2}
}

@Private{priv:roberts:2000,
  Author =	 {R.G.~Roberts},
  Checked =	 {2}
}

@Private{priv:thorne:2000,
  Author =	 {R.S.~Thorne},
  Checked =	 {2}
}
 
@Private{priv:golec:2000,
  Author =	 {K.~Golec-Biernat},
  Checked =	 {2}
}

@Unpublished{upub:zeush1:combi2000,
  author =       {ZEUS Structure Functions and Electroweak Physics working
                  group},
  title =        {Combined {H1} and {ZEUS} Results on {NC} and {CC} Cross Sections},
  year =         {2000},
  www =          {http://www-zeus.desy.de/physics/sfew/PUBLIC/sfew_results/preliminary/lp99/nc-cc-h1-zeus/index.html},
  submitdate =   {15.01.01-20:03},
  checked =      {2}
}

@TechReport{tech:desy:0001,
  author =       {M.~Seidel},
  title =        {The Upgraded Interaction Regions of {HERA}},
  year =         {2000},
  organization = {DESY},
  report =       {DESY-HERA-00-01},
  submitdate =   {09.08.01-18:43},
  checked =      {2}
}

@Unpublished{upub:martinez:zn0016,
  author =       {M.~Martinez},
  title =        {Calorimeter Noisy Cells Study for 1998-2000 {ZEUS} Data},
  year =         {2000},
  note =         {ZEUS-00-016, internal ZEUS Note},
  submitdate =   {13.09.01-20:07},
  checked =      {2}
}

@Unpublished{upub:gonc:vertex,
  author =       {J.~Gon\c{c}alo and K.~Long},
  title =        {A Minimum Bias Vertex Distribution for the 1998/99 $e^-p$
                  Data},
  year =         {2000},
  note =         {ZEUS-00-027, internal ZEUS Note},
  submitdate =   {22.10.01-16:50},
  checked =      {2}
}

@Unpublished{upub:koffeman:mvd,
  author =       {The {ZEUS} {MVD} Group},
  title =        {Mechanical Design and Construction of the {ZEUS} Micro Vertex
                  Detector},
  year =         {2000},
  note =         {ZEUS-00-028, internal ZEUS Note},
  submitdate =   {19.06.02-19:58},
  checked =      {2}
}

@Unpublished{upub:sarkar:nloqcdzeus,
  author =       {A.M.~Cooper-Sarkar},
  title =        {{NLOQCD} fits to {ZEUS} data},
  year =         {2000},
  note =         {ZEUS-00-040, internal ZEUS Note},
  submitdate =   {15.09.03-14:55},
  checked =      {2}
}

%------------------------------------------------------------------------------
%      2001
%------------------------------------------------------------------------------

@Private{priv:cormack:2001,
  author =       {C.M.~Cormack},
  year =         {2001},
  submitdate =   {31.10.01-14:27},
  checked =      {2}
}

@Private{priv:anna:2001,
  author =       {A.~Mastroberardino},
  year =         {2001},
  submitdate =   {27.11.01-10:29},
  checked =      {2}
}

@Private{priv:spiesberger:2001,
  author =       {H.~Spiesberger},
  year =         {2001},
  submitdate =   {07.02.01-09:43},
  checked =      {1}
}

@Unpublished{upub:collins:desytpol,
  author =       {C.~Collins-Tooth \etal},
  title =        {The Transverse Polarimeter (TPOL) Test Beam at DESY in
                  January-February 2001},
  month =        jun,
  year =         {2001},
  note =         {ZEUS-01-019},
  www =          {http://www-zeus.desy.de/ZEUS_ONLY/zeus_notes/notes01.html},
  submitdate =   {22.02.02-11:13},
  checked =      {1}
}

@Unpublished{upub:tuning:norm,
  author =       {N.~Tuning},
  title =        {Precise Determination of the Relative Normalisation Using {NC}
                  {DIS} Data},
  year =         {2001},
  note =         {ZEUS-01-027, internal ZEUS Note},
  submitdate =   {08.11.01-11:43},
  checked =      {2}
}

@Private{priv:hall-wilton:2001,
  author =       {R.~Hall-Wilton},
  year =         {2001},
  submitdate =   {07.04.03-12:33},
  checked =      {1}
}

@Private{priv:meyners:2001,
  author =       {N.~Meyners},
  year =         {2001},
  submitdate =   {20.03.01-11:36},
  checked =      {2}
}


@Private{priv:moritz:2001,
  author =       {M.~Moritz},
  year =         {2001},
  www =          {http://www-zeus.desy.de/~moritz/ZEUS_ONLY/nc/fpc.html},
  submitdate =   {18.09.01-15:16},
  checked =      {2}
}

@Private{priv:west:2001,
  author =       {B.~West},
  year =         {2001},
  submitdate =   {06.11.02-14:39},
  checked =      {1}
}

@Misc{misc:zn2001-041,
  author =       {E.~Rodrigues},
  title =        {Quark and Gluon Jet Identification in {DIS MC} Programs},
  year =         {2001},
  note =         {ZEUS-Note-2001-041},
  submitdate =   {15.10.02-17:49},
  checked =      {2}
}

@Unpublished{upub:bellagamba:lfv,
  author =       {L.~Bellagamba},
  title =        {Search for Lepton-Flavour Violation in $e^+ p$ Collisions at
                  {HERA}},
  year =         {2001},
  note =         {ZEUS-01-011, internal ZEUS Note},
  submitdate =   {26.05.01-14:13},
  checked =      {2}
}

@Misc{misc:opal:pn470,
  author =       {OPAL \coll},
  title =        {New Particle Searches in $e^+e^-$ Collisions at
                  $\sqrt{s}=200\,\text{--}\,209\gev$},
  year =         {2001},
  howpublished = {OPAL Physics Note PN470},
  submitdate =   {05.07.01-10:09},
  checked =      {2}
}

@Unpublished{upub:tuning:zn0121,
  author =       {N.~Tuning},
  title =        {{ZUFO}s: Hadronic Final State Reconstruction with Calorimeter,
                  Tracking and Backsplash Correction},
  year =         {2001},
  note =         {ZEUS-01-021, internal ZEUS Note},
  submitdate =   {24.07.01-19:11},
  checked =      {2}
}

@Misc{misc:www:orange,
  title =        {{O}verlying {R}outine for {A}nalysis {N}tuple {GE}neration, {ZEUS} Software Package},
  www =          {http://www-zeus.desy.de/ZEUS_ONLY/analysis/orange/index.html},
  submitdate =   {24.07.01-18:30},
  checked =      {2}
}

@Private{priv:adamczyk:2001,
  author =       {L.~Adamczyk},
  month =        nov,
  year =         {2001},
  submitdate =   {16.11.01-11:03},
  checked =      {2}
}

@Manual{manual:clrc:fedpmc,
  author =       {CLRC Rutherford Appleton Laboratory},
  title =        {{CMS} Front-End Driver {PMC} User Manual},
  year =         {2001},
  www =          {http://www.te.rl.ac.uk/esdg/cms_fed_pmc/},
  submitdate =   {06.03.02-18:22},
  checked =      {2}
}

@Unpublished{upub:crittenden:zn01002,
  author =       {J.A.~Crittenden \etal},
  title =        {The C5 Upgrade},
  year =         {2001},
  note =         {ZEUS-01-002, internal ZEUS note},
  submitdate =   {28.11.03-12:36},
  checked =      {2}
}

%------------------------------------------------------------------------------
%      2002
%------------------------------------------------------------------------------
@Manual{manual:rio2:8062,
  organization = {Creative Electronic Systems S.A.},
  title =        {{RIO}2 8062 Manual},
  submitdate =   {25.02.02-15:25},
  www =          {http://www.ces.ch},
  checked =      {2}
}

@Manual{manual:iseg:vhq202m,
  organization = {ISEG Spezialelektronik GmbH},
  title =        {{VHQ 202M}, Precision High Voltage Supply {VME STANDARD} Series Operators Manual},
  www =          {http://www.iseg-hv.com},
  submitdate =   {25.02.02-16:49},
  checked =      {2}
}

@Private{priv:meyer:2002,
  author =       {A.B.~Meyer},
  year =         {2002},
  submitdate =   {18.04.02-11:54},
  checked =      {2}
}

@Unpublished{upub:goncalo:zn02004,
  author =       {J.R.~Gon\c{c}alo},
  title =        {Simulation of the Hadronic Final State and Systematic
                  Uncertainties in High-{$Q^2$} {NC} {DIS}},
  year =         {2002},
  note =         {ZEUS-02-004, internal ZEUS Note},
  submitdate =   {09.10.03-17:34},
  checked =      {2}
}


%------------------------------------------------------------------------------
%      2003
%------------------------------------------------------------------------------
@Manual{manual:cernlib,
  title =        {CERNLIB documentation},
  organization = {CERN},
  www =          {http://wwwasdoc.web.cern.ch/wwwasdoc/},
  submitdate =   {29.09.03-19:43},
  checked =      {1}
}

@Manual{manual:mpmatch2,
  author =       {M.~Corradi},
  title =        {{MPMATCH2} Web Page},
  www =          {http://www-zeus.desy.de/~corradi/ZEUS_ONLY/mpmatch/mpmatch2.html},
  submitdate =   {05.09.03-19:09},
  checked =      {2}
}

@Manual{manual:mamma,
  author =       {G.~Bruni},
  title =        {{M}uons {A}nd {M}ips {MA}tcher (MAMMA) Webpage},
  www =          {http://www-zeus.desy.de/~zeusbo/ZEUS_ONLY/private/offline/mfmamma.html},
  submitdate =   {17.12.03-17:57},
  checked =      {2}
}

@Manual{manual:mbdlst,
  author =       {A.~Bertolin},
  title =        {{BMUON} Efficiencies Simulation Package},
  www =          {http://www.pd.infn.it/~bertolin/bmuon/bmeffic.html},
  submitdate =   {28.05.04-14:47},
  checked =      {2}
}

@Unpublished{upub:bertolin:zn03004,
  author =       {A.~Bertolin and R.~Brugnera},
  title =        {Inelastic $\psi\prime$ and {$J/\psi$} Pho\-to\-pro\-duc\-tion at {HERA}},
  year =         {2003},
  note =         {ZEUS-03-004, internal ZEUS Note},
  submitdate =   {06.01.04-19:37},
  checked =      {2}
}

@Unpublished{upub:kreisel:zn03007,
  author =       {A.~Kreisel},
  title =        {Improving {SRTD} Position Reconstruction},
  year =         {2003},
  note =         {ZEUS-03-007, internal ZEUS Note},
  submitdate =   {31.03.04-22:12},
  checked =      {2}
}

@Unpublished{upub:ciesielski:jpsi,
  author =       {R.~Ciesielski},
  title =        {Exclusive {$J/\psi$} Electroproduction},
  year =         {2003},
  www =          {http://www-zeus.desy.de/~robertc/ZEUS_ONLY/dis_jpsi/note.ps},
  submitdate =   {31.03.04-22:12},
  checked =      {2}
}

@Private{priv:zanderighi:2004,
  author =       {G.~Zanderighi},
  year =         {2004},
  submitdate =   {21.07.04-10:42},
  checked =      {2}
}

%------------------------------------------------------------------------------
%      2005
%------------------------------------------------------------------------------
 
@Unpublished{upub:stosslein:requirements,
  author =       {U.~St\"osslein \etal},
  title =        {Requirements for the Lepton Beam Polarisation at {HERA II}},
  year =         {2005},
  note =         {ZEUS-05-003, internal ZEUS Note},
  submitdate =   {10.11.05-20:44},
  checked =      {2}
}

 
