%==============================================================================
%
%      Publications of the H1 Collaboration
%      ------------------------------------
%
%      1) PHYSICS RESULTS
%      ------------------
%==============================================================================

%------------------------------------------------------------------------------
%     Papers published in 1992
%------------------------------------------------------------------------------

@Article{pl:b297:205,
  author =       {H1 \coll, T.~Ahmed \etal},
  title =        {Hard Scattering in {$\gamma p$} Interactions},
  journal =      PL,
  year =         1992,
  volume =       {B~297},
  pages =        205,
  doi =          {10.1016/0370-2693(92)91094-P},
  checked =      2
}

@Article{pl:b298:469,
  author =       {H1 \coll, T.~Ahmed \etal},
  title =        {Measurement of the Hadronic Final State in Deep
                  Inelastic Scattering at {HERA}},
  journal =      PL,
  year =         1992,
  volume =       {B~298},
  pages =        469,
  doi =          {10.1016/0370-2693(93)91852-E},
  checked =      2
}

%------------------------------------------------------------------------------
%     Papers published in 1993
%------------------------------------------------------------------------------

@Article{pl:b299:374,
  author =       {H1 \coll, T.~Ahmed \etal},
  title =        {Total Photoproduction Cross Section Measurement at
                  {HERA} Energies},
  journal =      PL,
  year =         1993,
  volume =       {B~299},
  pages =        374,
  doi =          {10.1016/0370-2693(93)90277-O},
  checked =      2
}

@Article{pl:b299:385,
  author =       {H1 \coll, T.~Ahmed \etal},
  title =        {Observation of Deep Inelastic Scattering at Low
                  {$x$}},
  journal =      PL,
  year =         1993,
  volume =       {B~299},
  pages =        385,
  doi =          {10.1016/0370-2693(93)90278-P},
  checked =      2
}

@Article{np:b396:3,
  author =       {H1 \coll, I.~Abt \etal},
  title =        {A Search for Leptoquarks, Leptogluons and Excited
                  Leptons in {H1} at {HERA}},
  journal =      NP,
  year =         1993,
  volume =       {B~396},
  pages =        3,
  doi =          {10.1016/0550-3213(93)90255-N},
  checked =      2
}

@Article{pl:b314:436,
  author =       {H1 \coll, I.~Abt \etal},
  title =        {Measurement of Inclusive Jet Cross Sections in
                  Photoproduction at {HERA}},
  journal =      PL,
  year =         1993,
  volume =       {B~314},
  pages =        436,
  doi =          {10.1016/0370-2693(93)91263-M},
  checked =      2
}

@Article{np:b407:515,
  author =       {H1 \coll, I.~Abt \etal},
  title =        {Measurement of the Proton Structure Function
                  {$F_2(x,Q^2)$} in the Low {$x$} Region at {HERA}},
  journal =      NP,
  year =         1993,
  volume =       {B~407},
  pages =        515,
  doi =          {10.1016/0550-3213(93)90090-C},
  checked =      2
}

%------------------------------------------------------------------------------
%     Papers published in 1994
%------------------------------------------------------------------------------

@Article{zfp:c61:59,
  author =       {H1 \coll, I.~Abt \etal},
  title =        {A Measurement of Multi-Jet Rates in Deep-Inelastic
                  Scattering at {HERA}},
  journal =      ZfP,
  year =         1994,
  volume =       {C~61},
  pages =        59,
  doi =          {10.1007/BF01641887},
  checked =      2
}

@Article{pl:b321:161,
  author =       {H1 \coll, I.~Abt \etal},
  title =        {Scaling Violations of the Proton Structure Functions
                  {$F_2$} at Small {$x$}},
  journal =      PL,
  year =         1994,
  volume =       {B~321},
  pages =        161,
  doi =          {10.1016/0370-2693(94)90344-1},
  checked =      2
}

@Article{pl:b324:241,
  author =       {H1 \coll, T.~Ahmed \etal},
  title =        {First Measurement of the Charged Current Cross
                  Section at {HERA}},
  journal =      PL,
  year =         1994,
  volume =       {B~324},
  pages =        241,
  doi =          {10.1016/0370-2693(94)90414-6},
  checked =      2
}

@Article{pl:b328:176,
  author =       {H1 \coll, I.~Abt \etal},
  title =        {Inclusive Charged Particle Cross Sections in
                  Photoproduction at {HERA}},
  journal =      PL,
  year =         1994,
  volume =       {B~328},
  pages =        176,
  doi =          {10.1016/0370-2693(94)90448-0},
  checked =      2
}

@Article{zfp:c63:377,
  author =       {H1 \coll, I.~Abt \etal},
  title =        {Energy Flow and Charged Particle Spectra in Deep
                  Inelastic Scattering at {HERA}},
  journal =      ZfP,
  year =         1994,
  volume =       {C~63},
  pages =        377,
  doi =          {10.1007/BF01580319},
  checked =      2
}

@Article{np:b429:477,
  author =       {H1 \coll, T.~Ahmed \etal},
  title =        {Deep Inelastic Scattering Events with a Large
                  Rapidity Gap at {HERA}},
  journal =      NP,
  year =         1994,
  volume =       {B~429},
  pages =        477,
  doi =          {10.1016/0550-3213(94)90151-1},
  checked =      2
}

@Article{pl:b338:507,
  author =       {H1 \coll, T.~Ahmed \etal},
  title =        {Photoproduction of {$J/\psi$} Mesons at {HERA}},
  journal =      PL,
  year =         1994,
  volume =       {B~338},
  pages =        507,
  doi =          {10.1016/0370-2693(94)90806-0},
  checked =      2
}

@Article{pl:b340:205,
  author =       {H1 \coll, T.~Ahmed \etal},
  title =        {A Search for Heavy Leptons at {HERA}},
  journal =      PL,
  year =         1994,
  volume =       {B~340},
  pages =        205,
  doi =          {10.1016/0370-2693(94)01301-2},
  checked =      2
}

@Article{zfp:c64:545,
  author =       {H1 \coll, T.~Ahmed \etal},
  title =        {A Search for Leptoquarks and Squarks at {HERA}},
  journal =      ZfP,
  year =         1994,
  volume =       {C~64},
  pages =        545,
  doi =          {10.1007/BF01957769},
  checked =      2
}

@Preprint{desy-94-248,
  author = 	 {H1 \coll, T.~Ahmed \etal},
  title = 	 {Observation of an {$e^+p\to\mu^+X$} Event with High
		  Transverse Momenta at {HERA}},
  report =	 {DESY-94-248},
  year = 	 1994,
  institution =  {DESY},
  checked =      {1}
}

%------------------------------------------------------------------------------
%     Papers published in 1995 (hep-ex dates where available)
%------------------------------------------------------------------------------

@Article{np:b435:3,
  author =       {H1 \coll, T.~Ahmed \etal},
  title =        {Observation of Hard Processes in Rapidity Gap Events
                  in {$\gamma p$} Interactions at {HERA}},
  journal =      NP,
  year =         1995,
  volume =       {B~435},
  pages =        3,
  doi =          {10.1016/0550-3213(94)00541-L},
  checked =      2
}

@Article{pl:b346:415,
  author =       {H1 \coll, T.~Ahmed \etal},
  title =        {Determination of the Strong Coupling Constant from
                  Jet Rates in Deep Inelastic Scattering},
  journal =      PL,
  year =         1995,
  volume =       {B~346},
  pages =        415,
  doi =          {10.1016/0370-2693(95)00095-3},
  checked =      2
}

@Article{np:b439:471,
  author =       {H1 \coll, T.~Ahmed \etal},
  title =        {A Measurement of the Proton Structure Function
                  {$F_2(x,Q^2)$}},
  journal =      NP,
  year =         1995,
  volume =       {B~439},
  pages =        471,
  doi =          {10.1016/0550-3213(95)98236-U},
  eprint =       {hep-ex/9503001},
  checked =      2
}

@Article{zfp:c66:529,
  author =       {H1 \coll, T.~Ahmed \etal},
  title =        {Experimental Study of Hard Photon Radiation
                  Processes at {HERA}},
  journal =      ZfP,
  year =         1995,
  volume =       {C~66},
  pages =        529,
  doi =          {10.1007/BF01579628},
  checked =      2
}

@Article{pl:b348:681,
  author =       {H1 \coll, T.~Ahmed \etal},
  title =        {First Measurement of the Deep-Inelastic Structure of
                  Proton Diffraction},
  journal =      PL,
  year =         1995,
  volume =       {B~348},
  pages =        681,
  doi =          {10.1016/0370-2693(95)00279-T},
  eprint =       {hep-ex/9503005},
  checked =      2
}

@Article{np:b445:195,
  author =       {H1 \coll, T.~Ahmed \etal},
  title =        {Inclusive Parton Cross Sections in Photoproduction
                  and Photon Structure},
  journal =      NP,
  year =         1995,
  volume =       {B~445},
  pages =        195,
  doi =          {10.1016/0550-3213(95)00230-P},
  eprint =       {hep-ex/9504004},
  checked =      2
}

@Article{pl:b353:578,
  author =       {H1 \coll, S.~Aid \etal},
  title =        {Leptoquarks and Compositeness Scales from a Contact
                  Interaction analysis of Deep Inelastic {$e^\pm p$}
                  Scattering at {HERA}},
  journal =      PL,
  year =         1995,
  volume =       {B~353},
  pages =        578,
  doi =          {10.1016/0370-2693(95)00611-N},
  eprint =       {hep-ex/9504008},
  checked =      2
}

@Article{np:b445:3,
  author =       {H1 \coll, S.~Aid \etal},
  title =        {A Study of the Fragmentation of Quarks in {$e^-p$}
                  Collisions at {HERA}},
  journal =      NP,
  year =         1995,
  volume =       {B~445},
  pages =        3,
  doi =          {10.1016/0550-3213(95)91599-H},
  eprint =       {hep-ex/9505003},
  checked =      2
}

@Article{np:b449:3,
  author =       {H1 \coll, S.~Aid \etal},
  title =        {A Direct Determination of the Gluon Density in the
                  Proton at Low {$x$}},
  journal =      NP,
  year =         1995,
  volume =       {B~449},
  pages =        3,
  doi =          {10.1016/0550-3213(95)00348-V},
  eprint =       {hep-ex/9505014},
  checked =      2
}

@Article{pl:b354:494,
  author =       {H1 \coll, S.~Aid \etal},
  title =        {The Gluon Density of the Proton at Low {$x$} from a
                  {QCD} Analysis of {$F_2$}},
  journal =      PL,
  year =         1995,
  volume =       {B~354},
  pages =        494,
  doi =          {10.1016/0370-2693(95)00720-6},
  eprint =       {hep-ex/9506001},
  checked =      2
}

@Article{zfp:c67:565,
  author =       {H1 \coll, S.~Aid \etal},
  title =        {Measurement of the {$e^+$} and {$e^-$} Induced
                  Charged Current Cross Sections at {HERA}},
  journal =      ZfP,
  year =         1995,
  volume =       {C~67},
  pages =        565,
  doi =          {10.1007/BF01553982},
  eprint =       {hep-ex/9506002},
  checked =      2
}

@Article{pl:b356:118,
  author =       {H1 \coll, S.~Aid \etal},
  title =        {Transverse Energy and Forward Jet Production in the
                  Low {$x$} Regime at {HERA}},
  journal =      PL,
  year =         1995,
  volume =       {B~356},
  pages =        118,
  doi =          {10.1016/0370-2693(95)00804-T},
  eprint =       {hep-ex/9506012},
  checked =      2
}

@Article{pl:b358:412,
  author =       {H1 \coll, S.~Aid \etal},
  title =        {Comparison of Deep Inelastic Scattering with
                  Photoproduction Interactions at {HERA}},
  journal =      PL,
  year =         1995,
  volume =       {B~358},
  pages =        412,
  doi =          {10.1016/0370-2693(95)01054-T},
  eprint =       {hep-ex/9508013},
  checked =      2
}

@Article{zfp:c69:27,
  author =       {H1 \coll, S.~Aid \etal},
  title =        {Measurement of the Total Photon Proton Cross Section
                  and Its Decomposition at {$200\gev$} Centre of Mass
                  Energy},
  journal =      ZfP,
  year =         1995,
  volume =       {C~69},
  pages =        27,
  doi =          {10.1007/s002880050003},
  eprint =       {hep-ex/9509001},
  checked =      2
}

@Article{zfp:c70:17,
  author =       {H1 \coll, S.~Aid \etal},
  title =        {Jets and Energy Flow in Photon--Proton Collisions at
                  {HERA}},
  journal =      ZfP,
  year =         1996,
  volume =       {C~70},
  pages =        17,
  doi =          {10.1007/s002880050076},
  eprint =       {hep-ex/9511012},
  checked =      2
}

@Article{pl:b369:173,
  author =       {H1 \coll, S.~Aid \etal},
  title =        {A Search for Leptoquarks at {HERA}},
  journal =      PL,
  year =         1996,
  volume =       {B~369},
  pages =        173,
  doi =          {10.1016/0370-2693(95)01601-5},
  eprint =       {hep-ex/9512001},
  checked =      2
}

@Thesis{thesis:koehler:1995,
  author =       {T.~K\"ohler},
  title =        {Suche nach angeregten {Leptonen} mit dem {H1}-{Detektor}},
  thesistype =   {Ph.D.\ Thesis},
  school =       {RWTH Aachen},
  year =         {1995},
  note =         {in German},
  Submitdate =   {31.01.02-10:01},
  checked =      {2}
}

%------------------------------------------------------------------------------
%     Papers published in 1996 (hep-ex)
%------------------------------------------------------------------------------

@Article{np:b463:3,
  author =       {H1 \coll, S.~Aid \etal},
  title =        {Elastic Photoproduction of {$\rho^0$} Mesons at
                  {HERA}},
  journal =      NP,
  year =         1996,
  volume =       {B~463},
  pages =        3,
  doi =          {10.1016/0550-3213(96)00045-4},
  eprint =       {hep-ex/9601004},
  checked =      2
}

@Article{zfp:c70:609,
  author =       {H1 \coll, S.~Aid \etal},
  title =        {Energy Flow in the Hadronic Final State of
                  Diffractive and Non-Diffractive Deep-Inelastic
                  Scattering at {HERA}},
  journal =      ZfP,
  year =         1996,
  volume =       {C~70},
  pages =        609,
  doi =          {10.1007/s002880050135},
  eprint =       {hep-ex/9602001},
  checked =      2
}

@Article{np:b468:3,
  author =       {H1 \coll, S.~Aid \etal},
  title =        {Elastic Electroproduction of {$\rho$} and {$J/\psi$}
                  Mesons at Large {$Q^2$} at {HERA}},
  journal =      NP,
  year =         1996,
  volume =       {B~468},
  pages =        3,
  doi =          {10.1016/0550-3213(96)00192-7},
  eprint =       {hep-ex/9602007},
  checked =      2
}

@Article{np:b470:3,
  author =       {H1 \coll, S.~Aid \etal},
  title =        {A Measurement and {QCD} Analysis of the Proton
                  Structure Function {$F_2(x,Q^2)$} at {HERA}},
  journal =      NP,
  year =         1996,
  volume =       {B~470},
  pages =        3,
  doi =          {10.1016/0550-3213(96)00211-8},
  eprint =       {hep-ex/9603004},
  checked =      2
}

@Article{np:b472:3,
  author =       {H1 \coll, S.~Aid \etal},
  title =        {Elastic and Inelastic Photoproduction of {$J/\psi$}
                  Mesons at {HERA}},
  journal =      NP,
  year =         1996,
  volume =       {B~472},
  pages =        3,
  doi =          {10.1016/0550-3213(96)00274-X},
  eprint =       {hep-ex/9603005},
  checked =      2
}

@Article{pl:b379:319,
  author =       {H1 \coll, S.~Aid \etal},
  title =        {Measurement of the {$Q^2$} Dependence of the Charged
                  and Neutral Current Cross Sections in {$e^\pm p$}
                  Scattering at {HERA}},
  journal =      PL,
  year =         1996,
  volume =       {B~379},
  pages =        319,
  doi =          {10.1016/0370-2693(96)00545-X},
  eprint =       {hep-ex/9603009},
  checked =      2
}

@Article{np:b472:32,
  author =       {H1 \coll, S.~Aid \etal},
  title =        {Photoproduction of {${D^\ast}^\pm$} Mesons in
                  Electron--Proton Collisions at {HERA}},
  journal =      NP,
  year =         1996,
  volume =       {B~472},
  pages =        32,
  doi =          {10.1016/0550-3213(96)00275-1},
  eprint =       {hep-ex/9604005},
  checked =      2
}

@Article{zfp:c71:211,
  author =       {H1 \coll, S.~Aid \etal},
  title =        {A Search of Squarks of {$R_p$}-Violating {SUSY} at
                  {HERA}},
  journal =      ZfP,
  year =         1996,
  volume =       {C~71},
  pages =        211,
  doi =          {10.1007/s002880050165},
  eprint =       {hep-ex/9604006},
  checked =      2
}

@Article{pl:b380:461,
  author =       {H1 \coll, S.~Aid \etal},
  title =        {A Search for Selectrons and Squarks at {HERA}},
  journal =      PL,
  year =         1996,
  volume =       {B~380},
  pages =        461,
  doi =          {10.1016/0370-2693(96)00640-5},
  eprint =       {hep-ex/9605002},
  checked =      2
}

@Article{np:b480:3,
  author =       {H1 \coll, S.~Aid \etal},
  title =        {Strangeness Production in Deep-Inelastic
                  Positron--Proton Scattering at {HERA}},
  journal =      NP,
  year =         1996,
  volume =       {B~480},
  pages =        3,
  doi =          {10.1016/S0550-3213(96)00503-2},
  eprint =       {hep-ex/9607010},
  checked =      2
}

@Article{zfp:c72:593,
  author =       {H1 \coll, C.~Adloff \etal},
  title =        {Inclusive {$D^0$} and {${D^\ast}^\pm$}
                  Production in Neutral Current Deep Inelastic {$ep$}
                  Scattering at {HERA}},
  journal =      ZfP,
  year =         1996,
  volume =       {C~72},
  pages =        593,
  doi =          {10.1007/s002880050281},
  eprint =       {hep-ex/9607012},
  checked =      2
}

@Article{zfp:c72:573,
  author =       {H1 \coll, S.~Aid \etal},
  title =        {Charged Particle Multiplicities in Deep Inelastic
                  Scattering at {HERA}},
  journal =      ZfP,
  year =         1996,
  volume =       {C~72},
  pages =        573,
  doi =          {10.1007/s002880050280},
  eprint =       {hep-ex/9608011},
  checked =      2
}

@Article{np:b483:44,
  author =       {H1 \coll, S.~Aid \etal},
  title =        {Search for Excited Fermions with the {H1} Detector},
  journal =      NP,
  year =         1997,
  volume =       {B~483},
  pages =        44,
  doi =          {10.1016/S0550-3213(96)00591-3},
  eprint =       {hep-ex/9609008},
  checked =      2
}

@Article{np:b485:3,
  author =       {H1 \coll, C.~Adloff \etal},
  title =        {Measurement of Charged Particle Transverse Momentum
                  Spectra in Deep Inelastic Scattering},
  journal =      NP,
  year =         1997,
  volume =       {B~485},
  pages =        3,
  doi =          {10.1016/S0550-3213(96)00675-X},
  eprint =       {hep-ex/9610006},
  checked =      2
}

@Article{pl:b392:234,
  author =       {H1 \coll, S.~Aid \etal},
  title =        {Scale Influence on the Energy Dependence of
                  Photon--Proton Cross Sections},
  journal =      PL,
  year =         1997,
  volume =       {B~392},
  pages =        234,
  doi =          {10.1016/S0370-2693(96)01594-8},
  eprint =       {hep-ex/9611004},
  checked =      2
}

@Article{pl:b393:452,
  author =       {H1 \coll, C.~Adloff \etal},
  title =        {Determination of the Longitudinal Proton Structure
                  Function {$F_L(x,Q^2)$} at Low {$x$}},
  journal =      PL,
  year =         1997,
  volume =       {B~393},
  pages =        452,
  doi =          {10.1016/S0370-2693(96)01684-X},
  eprint =       {hep-ex/9611017},
  checked =      2
}

%------------------------------------------------------------------------------
%     Papers published in 1997 (hep-ex)
%------------------------------------------------------------------------------

@Article{zfp:c74:221,
  author =       {H1 \coll, C.~Adloff \etal},
  title =        {Diffraction Dissociation in Photoproduction at
                  {HERA}},
  journal =      ZfP,
  year =         1997,
  volume =       {C~74},
  pages =        221,
  doi =          {10.1007/s002880050385},
  eprint =       {hep-ex/9702003},
  checked =      2
}

@Article{zfp:c74:191,
  author =       {H1 \coll, C.~Adloff \etal},
  title =        {Observation of Events at Very High {$Q^2$} in {$ep$}
                  Collisions at {HERA}},
  journal =      ZfP,
  year =         1997,
  volume =       {C~74},
  pages =        191,
  doi =          {10.1007/s002880050383},
  eprint =       {hep-ex/9702012},
  checked =      2
}

@Article{np:b497:3,
  author =       {H1 \coll, C.~Adloff \etal},
  title =        {A Measurement of the Proton Structure Function
                  {$F_2(x,Q^2)$} at Low {$x$} and Low {$Q^2$} at
                  {HERA}},
  journal =      NP,
  year =         1997,
  volume =       {B~497},
  pages =        3,
  doi =          {10.1016/S0550-3213(97)00301-5},
  eprint =       {hep-ex/9703012},
  checked =      2
}

@Article{zfp:c75:437,
  author =       {H1 \coll, C.~Adloff \etal},
  title =        {{Bose}--{Einstein} Correlations in Deep Inelastic
                  {$ep$} Scattering at {HERA}},
  journal =      ZfP,
  year =         1997,
  volume =       {C~75},
  pages =        437,
  doi =          {10.1007/s002880050486},
  eprint =       {hep-ex/9705001},
  checked =      2
}

@Article{zfp:c75:607,
  author =       {H1 \coll, C.~Adloff \etal},
  title =        {Proton Dissociative {$\rho$} and Elastic {$\phi$}
                  Electroproduction at {HERA}},
  journal =      ZfP,
  year =         1997,
  volume =       {C~75},
  pages =        607,
  doi =          {10.1007/s002880050506},
  eprint =       {hep-ex/9705014},
  checked =      2
}

@Article{zfp:c76:213,
  author =       {H1 \coll, C.~Adloff \etal},
  title =        {Photoproduction of {$K^0$} and {$\Lambda$} at
                  {HERA} and a Comparison with Deep Inelastic
                  Scattering},
  journal =      ZfP,
  year =         1997,
  volume =       {C~76},
  pages =        213,
  doi =          {10.1007/s002880050545},
  eprint =       {hep-ex/9705018},
  checked =      2
}

@Article{pl:b406:256,
  author =       {H1 \coll, C.~Adloff \etal},
  title =        {Measurement of the Event Shape Variables in Deep
                  Inelastic {$ep$} Scattering},
  journal =      PL,
  year =         1997,
  volume =       {B~406},
  pages =        256,
  doi =          {10.1016/S0370-2693(97)00754-5},
  eprint =       {hep-ex/9706002},
  checked =      2
}

@Article{np:b504:3,
  author =       {H1 \coll, C.~Adloff \etal},
  title =        {Evolution of {$ep$} Fragmentation and Multiplicity
                  Distributions in the {Breit} Frame},
  journal =      NP,
  year =         1997,
  volume =       {B~504},
  pages =        3,
  doi =          {10.1016/S0550-3213(97)00585-3},
  eprint =       {hep-ex/9707005},
  checked =      2
}

@Article{zfp:c76:613,
  author =       {H1 \coll, C.~Adloff \etal},
  title =        {Inclusive Measurement of Diffractive Deep-Inelastic
                  {$ep$} Scattering},
  journal =      ZfP,
  year =         1997,
  volume =       {C~76},
  pages =        613,
  doi =          {10.1007/s002880050584},
  eprint =       {hep-ex/9708016},
  checked =      2
}

@Article{epj:c1:97,
  author =       {H1 \coll, C.~Adloff \etal},
  title =        {Measurement of the Inclusive Dijet Cross Section in
                  Photoproduction and Determination of an Effective
                  Parton Distribution in the Photon},
  journal =      EPJ,
  year =         1998,
  volume =       {C~1},
  pages =        97,
  doi =          {10.1007/s100520050064},
  eprint =       {hep-ex/9709004},
  checked =      2
}

@Article{pl:b415:418,
  author =       {H1 \coll, C.~Adloff \etal},
  title =        {Low {$Q^2$} Jet Production at {HERA} and Virtual
                  Photon Structure},
  Journal =      PL,
  year =         1997,
  volume =       {B~415},
  pages =        418,
  doi =          {10.1016/S0370-2693(97)01264-1},
  eprint =       {hep-ex/9709017},
  checked =      1
}

@Article{epj:c1:495,
  author =       {H1 \coll, C.~Adloff \etal},
  title =        {Thrust--Jet Analysis of Deep-Inelastic
                  Large-Rapidity-Gap Events},
  journal =      EPJ,
  year =         1998,
  volume =       {C~1},
  pages =        495,
  doi =          {10.1007/s100520050098},
  eprint =       {hep-ex/9711006},
  checked =      2
}

@Article{pl:b421:385,
  author =       {H1 \coll, C.~Adloff \etal},
  title =        {Photoproduction of {$\psi(2S)$} Mesons at {HERA}},
  journal =      PL,
  year =         1998,
  volume =       {B~421},
  pages =        385,
  doi =          {10.1016/S0370-2693(97)01529-3},
  eprint =       {hep-ex/9711012},
  checked =      1
}


%------------------------------------------------------------------------------
%     Papers published in 1998 (hep-ex)
%------------------------------------------------------------------------------

@Article{pl:b428:206,
  author =       {H1 \coll, C.~Adloff \etal},
  title =        {Hadron Production in Diffractive Deep-Inelastic
                  Scattering},
  journal =      PL,
  volume =       {B~428},
  year =         1998,
  pages =        206,
  doi =          {10.1016/S0370-2693(98)00426-2},
  eprint =       {hep-ex/9803032},
  checked =      1
}

@Article{epj:c5:439,
  author =       {H1 \coll, C.~Adloff \etal},
  title =        {Multiplicity Structure of the Hadronic Final State
                  in Diffractive Deep-Inelastic Scattering at {HERA}},
  journal =      EPJ,
  volume =       {C~5},
  year =         1998,
  pages =        439,
  doi =          {10.1007/s100529800963},
  eprint =       {hep-ex/9804012},
  checked =      1
}

@Article{epj:c5:575,
  author =       {H1 \coll, C.~Adloff \etal},
  title =        {Observation of Events with an Isolated High-Energy
                  Lepton and Missing Transverse Momentum at {HERA}},
  journal =      EPJ,
  volume =       {C~5},
  year =         1998,
  pages =        575,
  doi =          {10.1007/s100520050302},
  eprint =       {hep-ex/9806009},
  checked =      1
}

@Article{epj:c5:625,
  author =       {H1 \coll, C.~Adloff \etal},
  title =        {Differential (2+1) Jet Event Rates and Determination
                  of {$\alpha_s$} in Deep Inelastic Scattering at
                  {HERA}},
  journal =      EPJ,
  volume =       {C~5},
  year =         1998,
  pages =        625,
  doi =          {10.1007/s100529800988},
  eprint =       {hep-ex/9806028},
  checked =      1
}

@Article{epj:c13:415,
  author =       {H1 \coll, C.~Adloff \etal},
  title =        {Dijet Event Rates in Deep Inelastic Scattering at
                  {HERA}},
  journal =      EPJ,
  volume =       {C~13},
  year =         2000,
  pages =        415,
  doi =          {10.1007/s100520050705},
  eprint =       {hep-ex/9806029},
  checked =      1
}

@Article{epj:c6:575,
  author =       {H1 \coll, C.~Adloff \etal},
  title =        {Multijet Event Rates in Deep Inelastic Scattering
                  and Determination of the Strong Coupling Constant},
  journal =      EPJ,
  volume =       {C~6},
  year =         1999,
  pages =        575,
  doi =          {10.1007/s100529901014},
  eprint =       {hep-ex/9807019},
  checked =      1
}

@Article{epj:c6:421,
  author =       {H1 \coll, C.~Adloff \etal},
  title =        {Diffractive Dijet Production at {HERA}},
  journal =      EPJ,
  volume =       {C~6},
  year =         1999,
  pages =        421,
  doi =          {10.1007/s100529801046},
  eprint =       {hep-ex/9808013},
  checked =      1
}

@Article{np:b538:3,
  author =       {H1 \coll, C.~Adloff \etal},
  title =        {Forward Jet and Particle Production at {HERA}},
  journal =      NP,
  volume =       {B~538},
  year =         1999,
  pages =        3,
  doi =          {10.1016/S0550-3213(98)00745-7},
  eprint =       {hep-ex/9809028},
  checked =      1
}

@Article{epj:c10:363,
  author =       {H1 \coll, C.~Adloff \etal},
  title =        {Charged Particle Cross-Sections in Photoproduction
                  and Extraction of the Gluon Density in the Photon},
  journal =      EPJ,
  volume =       {C~10},
  year =         1999,
  pages =        363,
  doi =          {10.1007/s100520050761},
  eprint =       {hep-ex/9810020},
  checked =      1
}

@Article{epj:c6:587,
  author =       {H1 \coll, C.~Adloff \etal},
  title =        {Measurement of Leading Proton and Neutron Production
                  in Deep Inelastic Scattering at {HERA}},
  journal =      EPJ,
  volume =       {C~6},
  year =         1999,
  pages =        587,
  doi =          {10.1007/s100529901072},
  eprint =       {hep-ex/9811013},
  checked =      1
}

@Article{np:b545:21,
  author =       {H1 \coll, C.~Adloff \etal},
  title =        {Measurement of {$D^\ast$} Meson Cross-Sections at
                  {HERA} and Determination of the Gluon Density in the
                  Proton Using {NLO} {QCD}},
  journal =      NP,
  volume =       {B~545},
  year =         1999,
  pages =        21,
  doi =          {10.1016/S0550-3213(99)00119-4},
  eprint =       {hep-ex/9812023},
  checked =      1
}

@Article{epj:c13:397,
  author =       {H1 \coll, C.~Adloff \etal},
  title =        {Measurement of Dijet Cross-Sections at Low {$Q^2$}
                  and the Extraction of an Effective Parton Density
                  for the Virtual Photon},
  journal =      EPJ,
  volume =       {C~13},
  year =         2000,
  pages =        397,
  doi =          {10.1007/s100520050704},
  eprint =       {hep-ex/9812024},
  checked =      1
}		  

@Thesis{thesis:meyer:1998,
  author =       {A.~Meyer},
  title =        {Charmonium Production in Deep Inelastic Scattering at {HERA}},
  thesistype =   {Ph.D.\ Thesis},
  school =       {Universit\"at Hamburg},
  year =         {1998},
  report =       {DESY-THESIS-1998-012},
  www =          {http://www-h1.desy.de/publications/theses_list.html},
  submitdate =   {01.04.04-14:40},
  checked =      {2}
}

%------------------------------------------------------------------------------
%     Papers published in 1999 (hep-ex)
%------------------------------------------------------------------------------

@Article{np:b545:3,
  author =       {H1 \coll, C.~Adloff \etal},
  title =        {Measurement of Internal Jet Structure in Dijet
                  Production in Deep Inelastic Scattering at {HERA}},
  journal =      NP,
  volume =       {B~545},
  year =         1999,
  pages =        3,
  doi =          {10.1016/S0550-3213(99)00118-2},
  eprint =       {hep-ex/9901010},
  checked =      1
}

@Article{epj:c13:371,
  author =       {H1 \coll, C.~Adloff \etal},
  title =        {Elastic Electroproduction of {$\rho$} Mesons at
                  {HERA}},
  journal =      EPJ,
  volume =       {C~13},
  year =         2000,
  pages =        371,
  doi =          {10.1007/s100520050703},
  checked =      1
}

@Article{epj:c10:373,
  author =       {H1 \coll, C.~Adloff \etal},
  title =        {Charmonium Production in Deep Inelastic Scattering
                  at {HERA}},
  journal =      EPJ,
  volume =       {C~10},
  year =         1999,
  pages =        373,
  doi =          {10.1007/s100520050762},
  checked =      1
}

@Article{epj:c11:447,
  author =       {H1 \coll, C.~Adloff \etal},
  title =        {A Search for Leptoquark Bosons and Lepton Flavor
                  Violation in {$e^+p$} Collisions at {HERA}},
  journal =      EPJ,
  volume =       {C~11},
  year =         1999,
  pages =        447,
  doi =          {10.1007/s100520050646},
  eprint =       {hep-ex/9907002},
  note =         {Erratum in \cite{epj:c14:553}},
  submitdate =   {30.01.01-14:55},
  checked =      2
}

@Article{epj:c14:553,
  author =       {H1 \coll, C.~Adloff \etal},
  title =        {Erratum: {A} Search for Leptoquark Bosons and Lepton Flavor
                  Violation in {$e^+p$} Collisions at {HERA}},
  journal =      EPJ,
  volume =       {C~14},
  year =         2000,
  pages =        553,
  doi =          {10.1007/s100520000361},
  eprint =       {hep-ex/9907002},
  submitdate =   {20.06.13},
  checked =      2
}

@Article{epj:c12:595,
  author =       {H1 \coll, C.~Adloff \etal},
  title =        {Measurements of Transverse Energy Flow in Deep
                  Inelastic Scattering at {HERA}},
  journal =      EPJ,
  volume =       {C~12},
  year =         2000,
  pages =        595,
  doi =          {10.1007/s100520000287},
  eprint =       {hep-ex/9907027},
  checked =      1
}

@Article{pl:b462:440,
  author =       {H1 \coll, C.~Adloff \etal},
  title =        {Forward {$\pi^0$} Meson Production at {HERA}},
  journal =      PL,
  volume =       {B~462},
  year =         1999,
  pages =        440,
  doi =          {10.1016/S0370-2693(99)00906-5},
  eprint =       {hep-ex/9907030},
  checked =      1
}

@Article{epj:c13:609,
  author =       {H1 \coll, C.~Adloff \etal},
  title =        {Measurement of Neutral and Charged Current
                  Cross-Sections in Positron--Proton Collisions at
                  Large Momentum Transfer},
  journal =      EPJ,
  volume =       {C~13},
  year =         2000,
  pages =        609,
  doi =          {10.1007/s100520050721},
  eprint =       {hep-ex/9908059},
  checked =      2
}

@Article{pl:b467:156,
  author =       {H1 \coll, C.~Adloff \etal},
  title =        {Measurement of Open Beauty Production at {HERA}},
  journal =      PL,
  volume =       {B~467},
  year =         1999,
  pages =        156,
  doi =          {10.1016/S0370-2693(99)01099-0},
  eprint =       {hep-ex/9909029},
  checked =      1
}

@Article{epj:c14:255,
  author =       {H1 \coll, C.~Adloff \etal},
  title =        {Investigation of Power Corrections to Event Shape
                  Variables Measured in Deep Inelastic Scattering},
  journal =      EPJ,
  year =         2000,
  volume =       {C~14},
  pages =        255,
  doi =          {10.1007/s100520000344},
  eprint =       {hep-ex/9912052},
  checked =      1
}		  

%------------------------------------------------------------------------------
%     Papers published in 2000 (hep-ex)
%------------------------------------------------------------------------------

@Article{pl:b479:358,
  author =       {H1 \coll, C.~Adloff \etal},
  title =        {Search for Compositeness, Leptoquarks and Large
                  Extra Dimensions in {$eq$} Contact Interactions at
                  {HERA}},
  journal =      PL,
  volume =       {B~479},
  year =         2000,
  pages =        358,
  doi =          {10.1016/S0370-2693(00)00332-4},
  eprint =       {hep-ex/0003002},
  checked =      1
}

@Article{pl:b483:36,
  author =       {H1 \coll, C.~Adloff \etal},
  title =        {Measurement of Dijet Cross-Sections in
                  Photoproduction and Photon Structure},
  journal =      PL,
  volume =       {B~483},
  year =         2000,
  pages =        36,
  doi =          {10.1016/S0370-2693(00)00576-1},
  eprint =       {hep-ex/0003011},
  checked =      1
}

@Article{pl:b483:23,
  author =       {H1 \coll, C.~Adloff \etal},
  title =        {Elastic Photoproduction of {$J/\psi$} and
                  {$\Upsilon$} Mesons at {HERA}},
  journal =      PL,
  volume =       {B~483},
  year =         2000,
  pages =        23,
  doi =          {10.1016/S0370-2693(00)00530-X},
  eprint =       {hep-ex/003020},
  checked =      1
}

@Article{pl:b483:360,
  author =       {H1 \coll, C.~Adloff \etal},
  title =        {Measurement of Elastic Electroproduction of {$\phi$}
                  Mesons at {HERA}},
  journal =      PL,
  volume =       {B~483},
  year =         2000,
  pages =        360,
  doi =          {10.1016/S0370-2693(00)00613-4},
  checked =      1
}

@Article{epj:c18:293,
  author =       {H1 \coll, C.~Adloff \etal},
  title =        {Inclusive Photoproduction of Neutral Pions in the
                  Photon Hemisphere at {HERA}},
  journal =      EPJ,
  volume =       {C~18},
  year =         2000,
  pages =        293,
  doi =          {10.1007/s100520000526},
  eprint =       {hep-ex/0006017},
  checked =      1
}

@Article{epj:c18:417,
  author =       {H1 \coll, C.~Adloff \etal},
  title =        {Addendum: Investigation of Power Corrections to
                  Event Shape Variables in Deep Inelastic Scattering},
  journal =      EPJ,
  year =         2000,
  volume =       {C~18},
  pages =        417,
  doi =          {10.1007/s100520000344},
  eprint =       {hep-ex/9912052},
  submitdate =   {07.07.04-13:47},
  checked =      2
}

@Article{epj:c17:567,
  author =       {H1 \coll, C.~Adloff \etal},
  title =        {A Search for Excited Fermions at {HERA}},
  journal =      EPJ,
  volume =       {C~17},
  year =         2000,
  pages =        567,
  doi =          {10.1007/s100520000503},
  eprint =       {hep-ex/0007035},
  checked =      1
}

@Article{epj:c19:429,
  author =       {H1 \coll, C.~Adloff \etal},
  title =        {Dijet Production in Charged and Neutral Current
                  $e^+p$ Interactions at High {$Q^2$}},
  journal =      EPJ,
  volume =       {C~19},
  year =         2001,
  pages =        429,
  doi =          {10.1007/s100520100622},
  eprint =       {hep-ex/0010016},
  checked =      1
}

@Article{epj:c19:289,
  author =       {H1 \coll, C.~Adloff \etal},
  title =        {Measurement and {QCD} Analysis of Jet Cross-Sections
                  in Deep Inelastic Positron--Proton Collisions at
                  $\sqrt{s}=300\gev$},
  journal =      EPJ,
  volume =       {C~19},
  year =         2001,
  pages =        289,
  doi =          {10.1007/s100520100621},
  eprint =       {hep-ex/0010054},
  checked =      1
}

@Article{epj:c20:29,
  author =       {H1 \coll, C.~Adloff \etal},
  title =        {Diffractive Jet Production in Deep-Inelastic $e^+p$
                  Collisions at {HERA}},
  journal =      EPJ,
  volume =       {C~20},
  year =         2001,
  pages =        29,
  doi =          {10.1007/s100520100634},
  eprint =       {hep-ex/0012051},
  checked =      1
}

@Article{epj:c19:269,
  author =       {H1 \coll, C.~Adloff \etal},
  title =        {Measurement of Charged and Neutral Current Cross
                  Sections in Electron--Proton Collisions at High
                  {$Q^2$}},
  journal =      EPJ,
  year =         2001,
  volume =       {C~19},
  pages =        269,
  doi =          {10.1007/s100520100607},
  eprint =       {hep-ex/0012052},
  submitdate =   {09.11.01-17:42},
  checked =      1
}

@Article{epj:c21:33,
  replaces =     {hep-ex-0012053},
  author =       {H1 \coll, C.~Adloff \etal},
  title =        {Deep Inelastic Inclusive $ep$ Scattering at Low $x$
                  and a Determination of $\alpha_{s}$},
  journal =      EPJ,
  volume =       {C~21},
  year =         2001,
  pages =        33,
  doi =          {10.1007/s100520100720},
  eprint =       {hep-ex/0012053},
  checked =      1
}

@Thesis{thesis:mohrdieck:2000,
  author =       {S.~Mohrdieck},
  title =        {{Inelastische $J/\psi$-Erzeugung in Elektroproduktion am H1-Experiment bei HERA}},
  thesistype =   {Ph.D.\ Thesis},
  school =       {Universit\"at Hamburg},
  year =         {2000},
  report =       {DESY-THESIS-2000-059},
  note =         {in German},
  www =          {http://www-h1.desy.de/publications/theses_list.html},
  submitdate =   {01.04.04-14:40},
  checked =      {2}
}


%------------------------------------------------------------------------------
%     Papers published in 2001 (hep-ex)
%------------------------------------------------------------------------------

@Article{epj:c20:639,
  author =       {H1 \coll, C.~Adloff \etal},
  title =        {Searches at {HERA} for Squarks in {$R$}-Parity
                  Violating Supersymmetry},
  journal =      EPJ,
  year =         2001,
  volume =       {C~20},
  pages =        639,
  doi =          {10.1007/s100520100716},
  eprint =       {hep-ex/0102050},
  checked =      1
}

@Article{np:b619:3,
  author =       {H1 \coll, C.~Adloff \etal},
  title =        {Photoproduction with a Leading Proton at {HERA}},
  journal =      NP,
  volume =       {B~619},
  year =         2001,
  pages =        3,
  doi =          {10.1016/S0550-3213(01)00544-2},
  eprint =       {hep-ex/0106070},
  checked =      1
}

@Article{pl:b515:17,
  author =       {H1 \coll, C.~Adloff \etal},
  title =        {Three-Jet Production in Deep Inelastic Scattering at
                  {HERA}},
  journal =      PL,
  volume =       {B~515},
  year =         2001,
  pages =        17,
  doi =          {10.1016/S0370-2693(01)00805-X},
  eprint =       {hep-ex/0106078},
  checked =      1
}

@Article{pl:b517:47,
  author =       {H1 \coll, C.~Adloff \etal},
  title =        {Measurement of Deeply Virtual {Compton} Scattering
                  at {HERA}},
  journal =      PL,
  year =         2001,
  volume =       {B~517},
  pages =        47,
  doi =          {10.1016/S0370-2693(01)00939-X},
  eprint =       {hep-ex/0107005},
  submitdate =   {07.07.01-12:04},
  checked =      1
}

@Article{pl:b523:234,
  author =       {H1 \coll, C.~Adloff \etal},
  title =        {A Search for Leptoquark Bosons in {$e^-p$}
                  Collisions at {HERA}},
  journal =      PL,
  volume =       {B~523},
  year =         2001,
  pages =        234,
  doi =          {10.1016/S0370-2693(01)01262-X},
  eprint =       {hep-ex/0107038},
  checked =      1
}

@Article{pl:b520:183,
  author =       {H1 \coll, C.~Adloff \etal},
  title =        {On the Rise of the Proton Structure Function {$F_2$}
                  Towards Low $x$},
  journal =      PL,
  volume =       {B~520},
  year =         2001,
  pages =        183,
  doi =          {10.1016/S0370-2693(01)01074-7},
  eprint =       {hep-ex/0108035},
  checked =      1
}

@Article{pl:b528:199,
  author =       {H1 \coll, C.~Adloff \etal},
  title =        {Measurement of {${D^\ast}^\pm$} Meson Production and
                  {$F_2^c$} in Deep Inelastic Scattering at {HERA}},
  journal =      PL,
  year =         2002,
  volume =       {B~528},
  pages =        199,
  doi =          {10.1016/S0370-2693(02)01195-4},
  eprint =       {hep-ex/0108039},
  checked =      1
}

@Article{pl:b520:191,
  author =       {H1 \coll, C.~Adloff \etal},
  title =        {{${D^\ast}^\pm$} Meson Production in Deep-Inelastic
                  Diffractive Interactions at {HERA}},
  journal =      PL,
  year =         2001,
  volume =       {B~520},
  pages =        191,
  doi =          {10.1016/S0370-2693(01)01155-8},
  eprint =       {hep-ex/0108047},
  submitdate =   {13.12.01-18:37},
  checked =      1
}

@Article{pl:b525:9,
  author =       {H1 \coll, C.~Adloff \etal},
  title =        {Search for Excited Neutrinos at {HERA}},
  journal =      PL,
  year =         2002,
  volume =       {B~525},
  pages =        9,
  doi =          {10.1016/S0370-2693(01)01410-1},
  eprint =       {hep-ex/0110037},
  submitdate =   {30.01.02-14:44},
  checked =      1
}

@Preprint{hep-ex-0111006,
  author =       {H1 \coll, C.~Adloff \etal},
  title =        {Measurement of Dijet Electroproduction at Small Jet
                  Separation},
  report =       {DESY-01-178},
  institution =  {DESY},
  eprint =       {hep-ex/0111006},
  year =         {2001},
  note =         {acc.\ by Eur.~Phys.~J.},
  checked =      {1}
}

@Misc{misc:h1:eps01:dvcs,
  author =       {H1~\coll \& ZEUS~\coll},
  title =        {Deeply Virtual {Compton} Scattering at {HERA}},
  note =         {Prepared for International Europhysics Conference on
                  High- Energy Physics (HEP 2001), Budapest, Hungary,
                  12-18 Jul 2001},
  submitdate =   {07.07.01-16:57},
  checked =      1
}
  
%------------------------------------------------------------------------------
%     Papers published in 2002 (hep-ex)
%------------------------------------------------------------------------------

@Preprint{hep-ex-0201006,
  author =	 {H1 \coll, C.~Adloff \etal},
  title =	 {Measurement of Dijet Cross Sections in Photoproduction at 
                  {HERA}},
  report =       {DESY-01-225},
  eprint =	 {hep-ex/0201006},
  year =         {2002},
  note =         {subm.\ to Eur.~Phys.~J.},
  checked =	 {1}
}

@Preprint{hep-ex-0203011,
  author =	 {H1 \coll, C.~Adloff \etal},
  title =	 {Energy Flow and Rapidity Gaps Between Jets in
                  Photoproduction at {HERA}},
  report =       {DESY-02-023},
  eprint =	 {hep-ex/0203011},
  year =         {2002},
  note =         {subm.\ to Eur.~Phys.~J.},
  checked =	 {1}
}

@Preprint{hep-ex-0203022,
  author =	 {H1 \coll, C.~Adloff \etal},
  title =	 {A Measurement of the $t$ Dependence of the Helicity Structure
                  of Diffractive $\rho$ Meson Electroproduction at {HERA}},
  report =       {DESY-02-027},
  eprint =	 {hep-ex/0203022},
  year =         {2002},
  checked =	 {1}
}

@Article{epj:c25:25,
  author =       {H1 \coll, C.~Adloff \etal},
  title =        {Inelastic Photoproduction of {$J/\psi$} Mesons at
                  {HERA}},
  journal =      EPJ,
  year =         2002,
  volume =       {C~25},
  pages =        25,
  doi =          {10.1007/s10052-002-1009-8},
  eprint =       {hep-ex/0205064},
  submitdate =   {26.03.03-18:28},
  checked =      2
}

@Article{epj:c25:41,
  author =       {H1 \coll, C.~Adloff \etal},
  title =        {Inelastic Leptoproduction of {$J/\psi$} Mesons at
                  {HERA}},
  journal =      EPJ,
  year =         2002,
  volume =       {C~25},
  pages =        41,
  doi =          {10.1007/s10052-002-1014-y},
  eprint =       {hep-ex/0205065},
  submitdate =   {26.03.03-18:28},
  checked =      2
}

@Article{pl:b541:251,
  author =       {H1 \coll, C.~Adloff \etal},
  title =        {Diffractive Photoproduction of $\psi(2S)$ Mesons at
                  {HERA}},
  journal =      PL,
  year =         2002,
  volume =       {B~541},
  pages =        251,
  doi =          {10.1016/S0370-2693(02)02275-X},
  eprint =       {hep-ex/0205107},
  submitdate =   {01.08.05-15:37},
  checked =      2
}

@Article{pl:b542:193,
  author =       {H1 \coll, C.~Adloff \etal},
  title =        {Measurement of Inclusive Jet Cross-Sections in
                  Deep-Inelastic $ep$ Scattering at {HERA}},
  journal =      PL,
  year =         2002,
  volume =       {B~542},
  pages =        193,
  doi =          {10.1016/S0370-2693(02)02375-4},
  eprint =       {hep-ex/0206029},
  submitdate =   {01.08.05-22:24},
  checked =      2
}
%------------------------------------------------------------------------------
%     Papers published in 2003 (hep-ex)
%------------------------------------------------------------------------------

@Article{pl:b561:241,
  author =       {H1 \coll, V.~Andreev \etal},
  title =        {Isolated Electrons and Muons in Events with Missing
                  Transverse Momentum at {HERA}},
  journal =      PL,
  year =         2003,
  volume =       {B~561},
  pages =        241,
  doi =          {10.1016/S0370-2693(03)00497-0},
  eprint =       {hep-ex/0301030},
  submitdate =   {17.07.03-15:43},
  checked =      2
}

@Preprint{hep-ex-0307015,
  author =       {H1 \coll, A.~Aktas \etal},
  title =        {Multi-Electron Production at High Transverse Momenta in $ep$
                  Collisions at {HERA}},
  year =         {2003},
  eprint =       {hep-ex/0307015},
  submitdate =   {17.07.03-15:52},
  checked =      {2}
}

@Article{epj:c31:17,
  author =       {H1 \coll, A.~Aktas \etal},
  title =        {Multi-Electron Production at High Transverse Momenta
                  in $ep$ Collisions at {HERA}},
  journal =      EPJ,
  year =         2003,
  volume =       {C~31},
  pages =        17,
  doi =          {10.1140/epjc/s2003-01326-x},
  eprint =       {hep-ex/0307015},
  submitdate =   {15.07.04-19:13},
  checked =      2
}

@Article{epj:c30:1,
  author =       {H1 \coll, C.~Adloff \etal},
  title =        {Measurement and {QCD} Analysis of Neutral and
                  Charged Current Cross Sections at {HERA}},
  journal =      EPJ,
  year =         2003,
  volume =       {C~30},
  pages =        1,
  doi =          {10.1140/epjc/s2003-01257-6},
  checked =      2
}

@Article{pl:b568:205,
  author =       {H1 \coll, A.~Aktas \etal},
  title =        {Diffractive Photoproduction of {$J/\psi$} Mesons
                  with Large Momentum Transfer at {HERA}},
  journal =      PL,
  year =         2003,
  volume =       {B~568},
  pages =        205,
  doi =          {10.1016/j.physletb.2003.06.056},
  checked =      2
}

%------------------------------------------------------------------------------
%     Papers published in 2004 (hep-ex)
%------------------------------------------------------------------------------

@Article{pl:b583:28,
  author =       {H1 \coll, A.~Aktas \etal},
  title =        {Muon Pair Production in $ep$ Collisions at {HERA}},
  journal =      PL,
  year =         2004,
  volume =       {B~583},
  pages =        28,
  doi =          {10.1016/j.physletb.2004.01.003},
  eprint =       {hep-ex/0311015},
  submitdate =   {15.07.04-19:07},
  checked =      2
}

@Article{epj:c38:447,
  author =       {H1 \coll, A.~Aktas \etal},
  title =        {Inclusive Production of {$D^+$}, {$D^0$}, {$D_s^+$}
                  and {$D^{*+}$} Mesons in Deep Inelastic Scattering
                  at {HERA}},
  journal =      EPJ,
  year =         2005,
  volume =       {C~38},
  pages =        447,
  doi =          {10.1140/epjc/s2004-02069-x},
  eprint =       {hep-ex/0408149}
}

%------------------------------------------------------------------------------
%     Papers published in 2005 (hep-ex)
%------------------------------------------------------------------------------

@Article{epj:c40:349,
  author =       {H1 \coll, A.~Aktas \etal},
  title =        {Measurement of {$F_2^{c\bar{c}}$} and
                  {$F_2^{b\bar{b}}$} at High {$Q^2$} using the {H1}
                  Vertex Detector at {HERA}},
  journal =      EPJ,
  year =         2005,
  volume =       {C~40},
  pages =        349,
  doi =          {10.1140/epjc/s2005-02154-8},
  eprint =       {hep-ex/0411046},
  submitdate =   {03.05.06-21:11},
  checked =      2
}

@Article{pl:b621:56,
  author =       {H1 \coll, A.~Aktas \etal},
  title =        {Measurement of Charm and Beauty Photoproduction at
                  {HERA} using {$D^{\ast}\mu$} Correlations},
  journal =      PL,
  year =         2005,
  volume =       {B~621},
  pages =        56,
  doi =          {10.1016/j.physletb.2005.06.040},
  eprint =       {hep-ex/0503038},
  submitdate =   {24.04.06-12:23},
  checked =      2
}

@Article{epj:c41:453,
  author =       {H1 \coll, A.~Aktas \etal},
  title =        {Measurement of Beauty Production at {HERA} using
                  Events with Muons and Jets},
  journal =      EPJ,
  year =         2005,
  volume =       {C~41},
  pages =        453,
  doi =          {10.1140/epjc/s2005-02267-0},
  eprint =       {hep-ex/0502010},
  submitdate =   {03.05.06-21:07},
  checked =      2
}

%------------------------------------------------------------------------------
%     Papers published in 2006 (hep-ex)
%------------------------------------------------------------------------------

@Article{pl:b634:173,
  replaces =     {hep-ex-0512060},
  author =       {H1 \coll, A.~Aktas \etal},
  title =        {First Measurement of Charged Current Cross Sections
                  at {HERA} with Longitudinally Polarised Positrons},
  journal =      PL,
  year =         2005,
  volume =       {B~634},
  pages =        173,
  doi =          {10.1016/j.physletb.2006.01.054},
  eprint =       {hep-ex/0512060},
  submitdate =   {29.05.06-18:18},
  checked =      2
}

%==============================================================================
%
%      2) EXPERIMENTAL METHODS
%      -----------------------
%==============================================================================

%------------------------------------------------------------------------------
%     The H1 detector - overviews
%------------------------------------------------------------------------------

@Preprint{desy-93-103,
  author = 	 {H1 \coll, I.~Abt \etal},
  title = 	 {The {H1} Detector at {HERA}},
  number =	 {DESY-93-103},
  year = 	 1993,
  institution =  {DESY},
  type =         {Report},
  checked =      {2}
}

@Article{nim:a386:310,
  author =       {H1 \coll, I.~Abt \etal},
  title =        {The {H1} Detector at {HERA}},
  journal =      NIM,
  year =         1997,
  volume =       {A~386},
  pages =        310,
  doi =          {10.1016/S0168-9002(96)00893-5},
  checked =      2
}

%------------------------------------------------------------------------------
%     Detector papers published in 1988
%------------------------------------------------------------------------------

@Article{nim:a263:70,
  author =       {V.~Korbel},
  title =        {Liquid Argon Calorimetry at {HERA}, the {H1}
                  Calorimeter},
  journal =      NIM,
  year =         1988,
  volume =       {A~263},
  pages =        70,
  doi =          {10.1016/0168-9002(88)91019-4},
  checked =      2
}

@Article{nim:a265:319,
  author =       {H1 \coll, M.~David \etal},
  title =        {Results of Tests for the {H1} Liquid Argon
                  Calorimeter},
  journal =      NIM,
  year =         1988,
  volume =       {A~265},
  pages =        319,
  doi =          {10.1016/0168-9002(88)91085-6},
  checked =      2
}

@Article{nim:a265:419,
  author =       {H1 \coll, W.~Braunschweig \etal},
  title =        {Results from a Test of a {Pb}--{Cu} Liquid Argon
                  Calorimeter},
  journal =      NIM,
  year =         1988,
  volume =       {A~265},
  pages =        419,
  doi =          {10.1016/S0168-9002(98)90008-0},
  checked =      2
}

@Article{nim:a270:334,
  author =       {H1 \coll, W.~Braunschweig \etal},
  title =        {Results from a Test of an Iron Streamer Tube
                  Calorimeter},
  journal =      NIM,
  year =         1988,
  volume =       {A~270},
  pages =        334,
  doi =          {10.1016/0168-9002(88)90699-7},
  checked =      2
}

%------------------------------------------------------------------------------
%     Detector papers published in 1989
%------------------------------------------------------------------------------

@Article{nim:a275:246,
  author =       {H1 \coll, Calorimeter group, W.~Braunschweig \etal},
  title =        {Performance of a {Pb}--{Cu} Liquid Argon Calorimeter
                  with an Iron Streamer Tube Tail Catcher},
  journal =      NIM,
  year =         1989,
  volume =       {A~275},
  pages =        246,
  doi =          {10.1016/0168-9002(89)90693-1},
  checked =      2
}

@Article{nim:a277:368,
  author =       {P.~Robmann \etal},
  title =        {Construction and Analysis of a Prototype Drift
                  Chamber for the {H1} Experiment},
  journal =      NIM,
  year =         1989,
  volume =       {A~277},
  pages =        368,
  doi =          {10.1016/0168-9002(89)90765-1},
  checked =      2
}

@Article{nim:a279:217,
  author =       {J.~B\"urger \etal},
  title =        {The Central Jet Chamber of the {H1} Experiment},
  journal =      NIM,
  year =         1989,
  volume =       {A~279},
  pages =        217,
  doi =          {10.1016/0168-9002(89)91084-X},
  checked =      2
}

@Article{nim:a283:467,
  author =       {H.~B\"arwolff \etal},
  title =        {Performance of Prototypes of the {H1} Outer z Drift
                  Chamber},
  journal =      NIM,
  year =         1989,
  volume =       {A~283},
  pages =        467,
  doi =          {10.1016/0168-9002(89)91401-0},
  checked =      2
}

@Article{nim:a283:471,
  author =       {G.A.~Beck \etal},
  title =        {Radial Wire Drift Chambers for the {H1} Forward
                  Track Detector at {HERA}: Design, Construction and
                  Performance},
  journal =      NIM,
  year =         1989,
  volume =       {A~283},
  pages =        471,
  doi =          {10.1016/0168-9002(89)91402-2},
  checked =      2
}

@Article{nim:a283:487,
  author =       {S.~Egli \etal},
  title =        {The Central-Inner z Drift Chamber of the {H1}
                  Experiment},
  journal =      NIM,
  year =         1989,
  volume =       {A~283},
  pages =        487,
  doi =          {10.1016/0168-9002(89)91405-8},
  checked =      2
}

@Article{nim:a283:622,
  author =       {H.~Gr\"assler \etal},
  title =        {Simultaneous Track Reconstruction and Electron
                  Identification in the {H1} Radial Drift Chambers},
  journal =      NIM,
  year =         1989,
  volume =       {A~283},
  pages =        622,
  doi =          {10.1016/0168-9002(89)91428-9},
  checked =      2
}

%------------------------------------------------------------------------------
%     Detector papers published in 1990
%------------------------------------------------------------------------------

@Article{nim:a288:1,
  author =       {E.~Fretwurst \etal},
  title =        {Silicon Detector Developments for Calorimetry:
                  Technology and Radiation Damage},
  journal =      NIM,
  year =         1990,
  volume =       {A~288},
  pages =        1,
  doi =          {10.1016/0168-9002(90)90455-F},
  checked =      2
}

@Article{nim:a289:446,
  author =       {W.~Flauger},
  title =        {Liquid Argon Calorimetry at the {H1} Experiment},
  journal =      NIM,
  year =         1990,
  volume =       {A~289},
  pages =        446,
  doi =          {10.1016/0168-9002(90)91515-D},
  checked =      2
}

%------------------------------------------------------------------------------
%     Detector papers published in 1992
%------------------------------------------------------------------------------

@Article{nim:a312:457,
  author =       {K.~M\"uller \etal},
  title =        {Construction and Performance of a Thin Cylindrical
                  Multiwire Proportional Chamber with Cathode Pad
                  Readout for the {H1} Experiment},
  journal =      NIM,
  year =         1992,
  volume =       {A~312},
  pages =        457,
  doi =          {10.1016/0168-9002(92)90195-A},
  checked =      2
}

@Article{nim:a315:449,
  author =       {M.W.~Schulz},
  title =        {Online Calibration of the {H1} Jet Chamber},
  journal =      NIM,
  year =         1992,
  volume =       {A~315},
  pages =        449,
  doi =          {10.1016/0168-9002(92)90745-P},
  checked =      2
}

@Article{nim:a315:455,
  author =       {D.~D\"ullmann},
  title =        {Online Data Analysis and Monitoring for {H1} Drift
                  Chambers},
  journal =      NIM,
  year =         1992,
  volume =       {A~315},
  pages =        455,
  doi =          {10.1016/0168-9002(92)90746-Q},
  checked =      2
}

@Article{nim:a323:184,
  author =       {J.M.~Bailey et al},
  title =        {Spatial Precision of {H1} Radial Wire Drift Chambers
                  Using Gas Mixtures Suitable for Transition Radiation
                  Detection},
  journal =      NIM,
  year =         1992,
  volume =       {A~323},
  pages =        184,
  doi =          {10.1016/0168-9002(92)90286-D},
  checked =      2
}

@Article{nim:a323:401,
  author =       {H.~Gr\"assler \etal},
  title =        {Electron Identification in the {H1} Radial Wire
                  Drift Chambers},
  journal =      NIM,
  year =         1992,
  volume =       {A~323},
  pages =        401,
  doi =          {10.1016/0168-9002(92)90323-V},
  checked =      2
}

@Article{nim:a323:532,
  author =       {S.~Eichenberger \etal},
  title =        {A Fast Pipelined Trigger for the {H1} Experiment
                  Based on Multiwire Proportional Chamber Signals},
  journal =      NIM,
  year =         1992,
  volume =       {A~323},
  pages =        532,
  doi =          {10.1016/0168-9002(92)90344-4},
  checked =      2
}

@Article{nim:a323:537,
  author =       {T.~Wolff \etal},
  title =        {A Drift Chamber Track Finder for the First Level
                  Trigger of the {H1} Experiment},
  journal =      NIM,
  year =         1992,
  volume =       {A~323},
  pages =        537,
  doi =          {10.1016/0168-9002(92)90345-5},
  checked =      2
}

%------------------------------------------------------------------------------
%     Detector papers published in 1993
%------------------------------------------------------------------------------

@Article{nim:a327:209,
  author =       {V.~Korbel},
  title =        {The {H1} {LAr} Calorimeter at {HERA}, Design,
                  Performance and Status},
  journal =      NIM,
  year =         1993,
  volume =       {A~327},
  pages =        209,
  doi =          {10.1016/0168-9002(93)91444-R},
  checked =      2
}

@Article{nim:a327:212,
  author =       {P.~Schacht},
  title =        {Calibration of the {H1} Liquid Argon Calorimeter},
  journal =      NIM,
  year =         1993,
  volume =       {A~327},
  pages =        212,
  doi =          {10.1016/0168-9002(93)91445-S},
  checked =      2
}

@Article{nim:a336:460,
  author =       {H1 \coll, Calorimeter group, B.~Andrieu \etal},
  title =        {The {H1} Liquid Argon Calorimeter System},
  journal =      NIM,
  year =         1993,
  volume =       {A~336},
  pages =        460,
  doi =          {10.1016/0168-9002(93)91257-N},
  checked =      2
}

@Article{nim:a336:499,
  author =       {H1 \coll, Calorimeter group, B.~Andrieu \etal},
  title =        {Results from Pion Calibration Runs for the {H1}
                  Liquid Argon Calorimeter and Comparisons with
                  Simulations},
  journal =      NIM,
  year =         1993,
  volume =       {A~336},
  pages =        499,
  doi =          {10.1016/0168-9002(93)91258-O},
  checked =      2
}

%------------------------------------------------------------------------------
%     Detector papers published in 1994
%------------------------------------------------------------------------------

@Article{nim:a340:304,
  author =       {H.~Cronstr\"om \etal},
  title =        {The {H1} Forward Muon Spectrometer},
  journal =      NIM,
  year =         1994,
  volume =       {A~340},
  pages =        304,
  doi =          {10.1016/0168-9002(94)90106-6},
  checked =      2
}

@Article{nim:a344:492,
  author =       {H1 \coll, Calorimeter group, B.~Andrieu \etal},
  title =        {Electron / Pion Separation with the {H1} {LAr}
                  Calorimeters},
  journal =      NIM,
  year =         1994,
  volume =       {A~344},
  pages =        492,
  doi =          {10.1016/0168-9002(94)90870-2},
  checked =      2
}

@Article{nim:a348:454,
  author =       {D.~Pitzl \etal},
  title =        {Evaluation of Double Sided, AC-Coupled, Double Metal
                  Silicon Strip Detectors for {H1} at {HERA}},
  journal =      NIM,
  year =         1994,
  volume =       {A~348},
  pages =        454,
  doi =          {10.1016/0168-9002(94)90779-X},
  checked =      2
}

@Article{nim:a350:57,
  author =       {H1 \coll, Calorimeter group, B.~Andrieu \etal},
  title =        {Beam Tests and Calibration of the {H1} Liquid Argon
                  Calorimeter with Electrons},
  journal =      NIM,
  year =         1994,
  volume =       {A~350},
  pages =        57,
  doi =          {10.1016/0168-9002(94)91155-X},
  checked =      2
}

@Inproceedings{proc:chep:1994:462,
  author =       {P.~Ribarics \etal},
  title =        {Fast Second Level Trigger Using a Neural Network
                  Architecture for the {H1} Experiment at {HERA}},
  booktitle =    {Proc.\ Computing in High-Energy Physics (CHEP), San
                  Francisco, USA, Apr.~1994},
  editor =       {S.C.~Loken},
  organization = {LBL},
  report =       {LBL-35822},
  address =      {Berkeley, CA, USA},
  year =         1994,
  pages =        462,
  checked =      1
}

%------------------------------------------------------------------------------
%     Detector papers published in 1995
%------------------------------------------------------------------------------

@Article{nim:a361:197,
  author =       {U.~Bassler and G.~Bernardi},
  title =        {On the Kinematic Reconstruction of Deep Inelastic
                  Scattering at {HERA}},
  journal =      NIM,
  year =         1995,
  volume =       {A~361},
  pages =        197,
  doi =          {10.1016/0168-9002(95)00173-5},
  checked =      2
}

@Article{nim:a364:456,
  author =       {T.~Ahmed \etal},
  title =        {A Pipelined First-Level Trigger for the {H1}
                  Forward-Muon Spectrometer},
  journal =      NIM,
  year =         1995,
  volume =       {A~364},
  pages =        456,
  doi =          {10.1016/0168-9002(95)00487-4},
  checked =      2
}

@Article{nim:a367:422,
  author =       {J.~B\"urger \etal},
  title =        {The Readout System of the New {H1} Silicon
                  Detectors},
  journal =      NIM,
  year =         1995,
  volume =       {A~367},
  pages =        422,
  doi =          {10.1016/0168-9002(95)00579-X},
  checked =      2
}

@Article{ijmp:c6:541,
  author =       {D.~Goldner \etal},
  title =        {Artificial Neural Networks as a Level~2 Trigger for
                  the {H1} Experiment: Status of the Hardware
                  Implementation},
  journal =      IJMP,
  year =         1995,
  volume =       {C~6},
  pages =        541,
  doi =          {10.1142/S012918319500040X},
  checked =      1
}

%------------------------------------------------------------------------------
%     Detector papers published in 1996
%------------------------------------------------------------------------------

@Article{nim:a371:380,
  author =       {J.~B\"ahr \etal},
  title =        {Beam Tests of Prototype Fiber Detectors for the {H1}
                  Forward Proton Spectrometer},
  journal =      NIM,
  year =         1996,
  volume =       {A~371},
  pages =        380,
  doi =          {10.1016/0168-9002(95)00992-2},
  checked =      2
}

@Article{nim:a372:188,
  author =       {W.~Erdmann \etal},
  title =        {Optical Analog Readout and Control of the Central
                  Silicon Vertex Detector of {H1} at {HERA}},
  journal =      NIM,
  year =         1996,
  volume =       {A~372},
  pages =        188,
  doi =          {10.1016/0168-9002(95)01282-6},
  checked =      2
}

@Article{nim:a372:399,
  author =       {H1 \coll, {BEMC} group, J.~B\'an \etal},
  title =        {The {H1} Backward Calorimeter {BEMC} and its
                  Inclusive Electron Trigger},
  journal =      NIM,
  year =         1996,
  volume =       {A~372},
  pages =        399,
  doi =          {10.1016/0168-9002(95)01481-0},
  checked =      2
}

@Article{nim:a373:227,
  author =       {S.~Burke \etal},
  title =        {Track Finding and Fitting in the {H1} Forward Track
                  Detector},
  journal =      NIM,
  year =         1996,
  volume =       {A~373},
  pages =        227,
  doi =          {10.1016/0168-9002(95)00692-3},
  checked =      2
}

@Article{nim:a374:149,
  author =       {H1 \coll, SPACAL group, T.~Nicholls \etal},
  title =        {Performance of an Electromagnetic
                  Lead/Scintillating-Fiber Calorimeter for the {H1}
                  Detector},
  journal =      NIM,
  year =         1996,
  volume =       {A~374},
  pages =        149,
  doi =          {10.1016/0168-9002(95)01443-8},
  checked =      2
}

@Article{nim:a382:395,
  author =       {H1 \coll, SPACAL group, R.-D.~Appuhn \etal},
  title =        {Hadronic Response and {$e/\pi$} Separation with the
                  {H1} Lead/Fiber Calorimeter},
  journal =      NIM,
  year =         1996,
  volume =       {A~382},
  pages =        395,
  doi =          {10.1016/S0168-9002(96)00769-3},
  checked =      2
}

%------------------------------------------------------------------------------
%     Detector papers published in 1997
%------------------------------------------------------------------------------

@Article{nim:a386:81,
  author =       {W.~Eick \etal},
  title =        {Development of the {H1} Backward Silicon Strip
                  Detector},
  journal =      NIM,
  year =         1997,
  volume =       {A~386},
  pages =        81,
  doi =          {10.1016/S0168-9002(97)87398-6},
  checked =      2
}

@Article{nim:a386:397,
  author =       {H1 \coll, SPACAL group, R.-D.~Appuhn \etal},
  title =        {The {H1} Lead/Scintillating-Fiber Calorimeter},
  journal =      NIM,
  year =         1997,
  volume =       {A~386},
  pages =        397,
  doi =          {10.1016/S0168-9002(96)01171-0},
  checked =      2
}

@Article{nim:a387:56,
  author =       {H1 \coll, K.~Hiller \etal},
  title =        {Experience with Position-Sensitive Photomultipliers
                  from the {H1} Forward Proton Spectrometer},
  journal =      NIM,
  year =         1997,
  volume =       {A~387},
  pages =        56,
  doi =          {10.1016/S0168-9002(96)00960-6},
  checked =      1
}

@Article{nim:a389:128,
  author =       {J.K.~Kohne \etal},
  title =        {Realization of a Second Level Neural Network Trigger
                  for the {H1} Experiment at {HERA}},
  journal =      NIM,
  year =         1997,
  volume =       {A~389},
  pages =        128,
  doi =          {10.1016/S0168-9002(97)00062-4},
  checked =      1
}

@Article{nim:a389:157,
  author =       {G.~Schmidt \etal},
  title =        {Identification of Muons in the {H1}
                  {LAr}-Calorimeter: Neural Networks vs.\ Fuzzy
                  Elements},
  journal =      NIM,
  year =         1997,
  volume =       {A~389},
  pages =        157,
  doi =          {10.1016/S0168-9002(97)00069-7},
  checked =      1
}

@Article{nim:a389:184,
  author =       {D.L.~Bui, T.J.~Greenshaw and G.~Schmidt},
  title =        {A Combination of an Elastic Net and a {Hopfield} Net
                  to Solve the Segment Linking Problem in the Forward
                  of the {H1} Detector at {HERA}},
  journal =      NIM,
  year =         1997,
  volume =       {A~389},
  pages =        184,
  doi =          {10.1016/S0168-9002(97)00092-2},
  checked =      1
}

@Article{nim:a394:57,
  author =       {H.~Itterbeck and J.~Tutas},
  title =        {Application of a Fast Trigger System to the Backward
                  Driftchamber of {H1}},
  journal =      NIM,
  year =         1997,
  volume =       {A~394},
  pages =        57,
  doi =          {10.1016/S0168-9002(97)00656-6},
  checked =      1
}

@Article{nim:a404:265,
  author =       {H1 \coll, SPACAL group, R.D.~Appuhn \etal},
  title =        {Series Tests of Fine Mesh Photomultiplier Tubes in
                  Magnetic Fields of up to {$1.2\,$Tesla}},
  journal =      NIM,
  year =         1998,
  volume =       {A~404},
  pages =        265,
  doi =          {10.1016/S0168-9002(97)01092-9},
  checked =      1
}

@Thesis{thesis:mueller:1997,
  author =       {Ch.~M\"uller},
  title =        {Calibration of the {H1} SPACAL with {$\pi^0$}'s and
                  Measurements of their Inclusive Production in the {H1}
                  Detector at {HERA}},
  year =         1997,
  school =       {Univ.\ Heidelberg},
  type =         {Diploma Thesis},
  report =       {IHEP-HD-97-07},
  note =         {in German},
  checked =      {1}
}

%------------------------------------------------------------------------------
%     Detector papers published in 1998
%------------------------------------------------------------------------------

@InProceedings{proc:icchep97:327,
  author =       {M.~Fleischer},
  title =        {The Performance of the {H1} Liquid Argon
                  Calorimeter},
  booktitle =    {Proc.\ 7$^{th}$ Int.\ Conf.\ Calorimetry in
                  High-Energy Physics (ICCHEP), Tucson, AZ, USA,
                  Nov.~1997},
  editor =       {E.~Cheu, T.~Embry, J.~Rutherfoord and R.~Wigmans},
  publisher =    {World Scientific},
  address =      {Singapore},
  pages =        327,
  report =       {DESY-98-005A},
  year =         1998,
  institution =  {DESY},
  checked =      1
}

@InProceedings{proc:icchep97:252,
  author =       {E.~Tzamariudaki},
  title =        {Performance of the {H1} Lead/Scintillating-Fibre
                  Calorimeter},
  booktitle =    {Proc.\ 7$^{th}$ Int.\ Conf.\ Calorimetry in
                  High-Energy Physics (ICCHEP), Tucson, AZ, USA,
                  Nov.~1997},
  editor =       {E.~Cheu, T.~Embry, J.~Rutherfoord and R.~Wigmans},
  publisher =    {World Scientific},
  address =      {Singapore},
  pages =        252,
  report =       {DESY-98-005B},
  year =         1998,
  institution =  {DESY},
  checked =      1
}

@Preprint{desy-98-005,
  author =       {M.~Fleischer \etal},
  title =        {Performance and Upgrade of {H1} Calorimeters: {LAr}
                  Calorimeter, {SPACAL} and {VLQ}},
  report =       {DESY-98-005},
  year =         1998,
  institution =  {DESY},
  note =         {Three talks at {\slshape 7$^{th}$ Int.\ Conf.\ on Calorimetry in
		  High-Energy Physics (ICCHEP)}, Tucson, AZ, USA, Nov.~1997},
  checked =      {1}
}

@Article{nim:a409:117,
  author =       {D.~Calvet},
  title =        {{H1} Forward Proton Spectrometer Upgrade with
                  Silicon Pixel Detectors},
  journal =      NIM,
  year =         1998,
  volume =       {A~409},
  pages =        117,
  doi =          {10.1016/S0168-9002(97)01249-7},
  checked =      1
}

@Article{nim:a409:201,
  author =       {E.~Peppel},
  title =        {First Results with the {H1} Backward Silicon Strip
                  Detector},
  journal =      NIM,
  volume =       {A~409},
  pages =        201,
  doi =          {10.1016/S0168-9002(97)01262-X},
  checked =      1
}

@Article{nim:a409:604,
  author =       {M.~Keller \etal},
  title =        {A Highly Compact Electromagnetic Calorimeter for the
                  {VLQ} Spectrometer in {H1} at {HERA}},
  journal =      NIM,
  volume =       {A~409},
  year =         1998,
  pages =        604,
  doi =          {10.1016/S0168-9002(97)01331-4},
  checked =      1
}

@Article{nim:a409:651,
  author =       {W.J.~Haynes \etal},
  title =        {A {PowerPC} Based Readout System for the Silicon
                  Trackers of the {H1} Experiment},
  journal =      NIM,
  volume =       {A~409},
  year =         1998,
  pages =        651,
  doi =          {10.1016/S0168-9002(97)01343-0},
  checked =      1
}

%------------------------------------------------------------------------------
%     Detector papers published in 1999
%------------------------------------------------------------------------------

@Article{nim:a426:518,
  author =       {H1 \coll, SPACAL group, R.D.~Appuhn \etal},
  title =        {The Electronics of the {H1} Lead / Scintillating
                  Fiber Calorimeters},
  journal =      NIM,
  volume =       {A~426},
  year =         1999,
  pages =        518,
  doi =          {10.1016/S0168-9002(99)00012-1},
  checked =      1
}

@Article{nim:a426:583,
  author =       {U.~Bassler and G.~Bernardi},
  title =        {Structure Function Measurements and Kinematic
                  Reconstruction at {HERA}},
  journal =      NIM,
  year =         1999,
  volume =       {A~426},
  pages =        583,
  doi =          {10.1016/S0168-9002(99)00044-3},
  checked =      1
}

%------------------------------------------------------------------------------
%     Detector papers published in 2000
%------------------------------------------------------------------------------

@Article{nim:a446:409,
  author =       {P.~Van~Esch \etal},
  title =        {The {H1} Forward Proton Spectrometer at {HERA}},
  journal =      NIM,
  year =         2000,
  volume =       {A~446},
  pages =        409,
  doi =          {10.1016/S0168-9002(99)01276-0},
  checked =      1
}

%-----------------------------------------------------------------------------
% Miscellaneous publications
%-----------------------------------------------------------------------------

@Misc{misc:ichep98:abs558,
  author =       {H1 \coll},
  title =        {Production of $D^{\ast \pm}$ Mesons in Diffractive
                  Interactions at {HERA}},
  year =         1998,
  note =         {Presented at ICHEP98},
  submitdate =   {16.08.01-11:49},
  checked =      1
}

@Misc{misc:h1:ichep00:966,
  author =       {H1 \coll},
  title =        {Measurement of the Deeply Virtual {Compton}
                  Scattering at {HERA}},
  year =         2000,
  howpublished = {Abstract 966, Paper contribution to XXXth
                  International Conference on High Energy Physics
                  ICHEP2000, Osaka, Japan},
  submitdate =   {07.07.01-15:13},
  checked =      2
}

@Misc{misc:h1:osaka00:984,
  author =       {H1 \coll},
  title =        {Measurement of {$D^{*\pm}$} Meson Production and the
                  Charm Contribution to the Proton Structure Function
                  {$F_2^c$} in Deep Inelastic Scattering at {HERA}},
  year =         2000,
  howpublished = {Abstract 984, Paper contribution to the 30th
                  International Conference on High Energy Physics,
                  ICHEP2000, Osaka, Japan},
  submitdate =   {09.08.01-18:22},
  checked =      2
}

@InProceedings{proc:ichep:2002:224,
  author =       {C.~Diaconu for H1 and ZEUS Collaborations},
  title =        {Multi-Lepton Production at High Transverse Momentum
                  in $ep$ Collisions at {HERA}},
  editor =       {S.~Bentvelsen \etal},
  booktitle =    {{ICHEP2002}, Proceedings of the 31st International
                  Conference on High Energy Physics : Parallel
                  Sessions},
  publisher =    {North-Holland},
  year =         2003,
  pages =        {224},
  eprint =       {hep-ex/0210017},
  submitdate =   {22.09.03-12:23},
  checked =      2
}
