%-------------------------------------------------------------------------------
%     HERA Proposal
%-------------------------------------------------------------------------------

@InProceedings{proc:epfacility:1979:391,
  author =       {F.~Jacquet and A.~Blondel},
  title =        {Detection of the Charged Current Event -- {Method}~{II}},
  booktitle =    {Proceedings of the Study for an $ep$ Facility for {Europe}},
  address =      {Hamburg, Germany},
  year =         {1979},
  pages =        {391},
  editor =       {U.~Amaldi},
  report =       {DESY 79/48},
  checked =      {1}
}


%-------------------------------------------------------------------------------
%     HERA Workshop 1987
%-------------------------------------------------------------------------------

@InProceedings{proc:hera:1987:739,
  author =       {M.~van der Horst, K.J.F.~Gaemers and R.M.~Godbole},
  title =        {The Production of {$W^\pm$}, {$Z^0$} Vector Bosons and Higgs
                  Bosons at the {HERA} collider},
  editor =       {R.D.~Peccei},
  booktitle =    {Proc.\ HERA Workshop},
  publisher =    {DESY},
  address =      {Hamburg, Germany},
  year =         {1987},
  volume =       {2},
  pages =        {739},
  submitdate =   {17.01.01-10:35},
  checked =      {2}
}

@InProceedings{proc:hera:1987:149,
  author =       {M.~Bengtsson, G.~Ingelman and T.~Sj\"ostrand},
  title =        {Parton Cascade Evolution and Event Structure at {HERA}},
  editor =       {R.D.~Peccei},
  booktitle =    {Proc.\ HERA Workshop},
  publisher =    {DESY},
  organization = {Hamburg, Germany},
  year =         {1987},
  volume =       {1},
  pages =        {149-165},
  submitdate =   {08.10.03-14:29},
  checked =      {2}
}

%-------------------------------------------------------------------------------
%     HERA Workshop 1991
%-------------------------------------------------------------------------------
 
@InProceedings{proc:hera:1991:23,
  Author =       {S.~Bentvelsen, J.~Engelen and P.~Kooijman},
  Title =        {Reconstruction of {$(x,Q^2)$} and Extraction of Structure
                  Functions in Neutral Current Scattering at {HERA}},
  Booktitle =    {Proc.\ Workshop on Physics at {HERA}},
  Editor =       {W.~Buchm\"uller and G.~Ingelman},
  Organization = {DESY},
  Address =      {Hamburg, Germany},
  Volume =       {1},
  Pages =        {23},
  Year =         {1992},
  Checked =      {2}
}

@InProceedings{proc:hera:1991:43,
  author =       {K.C.~H\"oger},
  title =        {Measurement of $x$, $y$ and {$Q^2$} in Neutral Current
                  Events},
  editor =       {W.~Buchm\"uller and G.~Ingelman},
  booktitle =    {Proc.\ Workshop on Physics at {HERA}},
  organization = {DESY},
  address =      {Hamburg, Germany},
  year =         {1992},
  volume =       {1},
  pages =        {43},
  submitdate =   {09.08.01-17:13},
  checked =      {2}
}
 
@InProceedings{proc:hera:1991:1419,
  Author =       {G.A.~Schuler and H.~Spiesberger},
  Title =        {\textsc{Django}: The Interface for the Event Generators 
                  \textsc{Heracles} and \textsc{Lepto}},
  Booktitle =    {Proc.\ Workshop on Physics at {HERA}},
  Editor =       {W.~Buchm\"uller and G.~Ingelman},
  Organization = {DESY},
  Address =      {Hamburg, Germany},
  Volume =       {3},
  Pages =        {1419},
  Year =         {1991},
  Checked =      {2}
}

@InProceedings{proc:hera:1991:1478,
  author =       {S.P.~Baranov \etal},
  title =        {\textsc{Lpair} - A Generator for Lepton Pair Production},
  editor =       {W.~Buchm\"uller and G.~Ingelman},
  booktitle =    {Proc.\ Workshop on Physics at {HERA}},
  publisher =    {DESY},
  address =      {Hamburg, Germany},
  year =         {1991},
  volume =       {3},
  pages =        {1478},
  submitdate =   {22.01.01-16:36},
  checked =      {2}
}

@InProceedings{proc:hera:1991:1034,
  author =       {B.~Schrempp},
  title =        {Leptoquarks and Leptogluons at {HERA}: Theoretical
                  Perspectives},
  editor =       {W.~Buchm\"uller and G.~Ingelman},
  booktitle =    {Proc.\ Workshop on Physics at {HERA}},
  address =      {Hamburg, Germany},
  year =         {1991},
  volume =       {2},
  pages =        {1034},
  submitdate =   {13.02.01-15:15},
  checked =      {2}
}

@InProceedings{proc:hera:1991:1468,
  author =       {T.~Carli \etal},
  title =        {Compton 2.0 Quasi-Real {QED} {Compton Monte Carlo}},
  editor =       {W.~Buchm\"uller and G.~Ingelman},
  booktitle =    {Proc.\ Workshop on Physics at {HERA}},
  organization = {DESY},
  address =      {Hamburg, Germany},
  year =         {1992},
  volume =       {3},
  pages =        {1468},
  submitdate =   {09.07.01-15:30},
  checked =      {2}
}

@InProceedings{proc:hera:1991:101,
  author =       {J.~Bl\"umlein and M.~Klein},
  title =        {Structure Functions and {QCD} Tests},
  editor =       {W.~Buchm\"uller and G.~Ingelman},
  booktitle =    {Proc.\ Workshop on Physics at {HERA}},
  organization = {DESY},
  address =      {Hamburg, Germany},
  year =         {1991},
  volume =       {1},
  pages =        {101},
  submitdate =   {11.09.01-11:29},
  checked =      {1}
}

@InProceedings{proc:hera:1991:789,
  author =       {G.~Kramer and H.~Spiesberger},
  title =        {Radiative Corrections to $ep$ Scattering, A Survey},
  booktitle =    {Proc.\ Workshop on Physics at {HERA}},
  publisher =    {W.~Buchm\"uller and G.~Ingelman},
  organization = {DESY},
  address =      {Hamburg, Germany},
  year =         {1991},
  volume =       {2},
  pages =        {789},
  submitdate =   {11.09.01-12:45},
  checked =      {1}
}

@InProceedings{proc:hera:1991:923,
  author =       {W.~Hollik \etal},
  title =        {Electroweak Parameters at {HERA}: Theoretical Aspects},
  editor =       {W.~Buchm\"uller and G.~Ingelman},
  booktitle =    {Proc.\ Workshop on Physics at {HERA}},
  organization = {DESY},
  address =      {Hamburg, Germany},
  year =         {1991},
  volume =       {2},
  pages =        {923},
  submitdate =   {16.10.01-17:05},
  checked =      {1}
}

@Proceedings{proc:hera:1991,
  replaces =     {misc:physicshera},
  title =        {Proceedings of the Workshop on Physics at {HERA}, Volumes I
                  and II},
  editor =       {G.~Ingelman, A.~De~Roeck and R.Klanner},
  year =         {1991},
  submitdate =   {11.01.02-18:41},
  checked =      {1}
}
%-------------------------------------------------------------------------------
%     HERA Workshop 1995
%-------------------------------------------------------------------------------

@InProceedings{proc:hera:1995:89,
  author =       {K.~Daum \etal},
  title =        {The Heavy-Flavour Contribution to Proton Structure},
  editor =       {G.~Ingelman, A.~De~Roeck and R.~Klanner},
  booktitle =    {Proc.\ the Workshop on Future Physics at {HERA}},
  publisher =    {DESY},
  year =         {1996},
  volume =       {1},
  pages =        {89},
  submitdate =   {20.06.01-15:02},
  checked =      {2}
}

@InProceedings{proc:hera:1995:102,
  author =       {V.~Barone, U.~D'Alesio and M.~Genovese},
  title =        {The Charm-Strange Contribution to Charged-Current {DIS}
                  Structure Functions},
  editor =       {G.~Ingelman, A.~De~Roeck and R.~Klanner},
  booktitle =    {Proc.\ the Workshop on Future Physics at {HERA}},
  publisher =    {DESY},
  year =         {1996},
  volume =       {1},
  pages =        {102},
  submitdate =   {20.06.01-15:04},
  checked =      {2}
}

@InProceedings{proc:hera:1995:33,
  author =       {M.~Botje, M.~Klein and C.~Pascaud},
  title =        {Future Precision Measurements of {$F_2(x,Q^2)$},
                  {$\alpha_S(Q^2)$} and {$xg(x,Q^2)$} at {HERA}},
  editor =       {G.~Ingelman, A.~De~Roeck and R.~Klanner},
  booktitle =    {Proc.\ the Workshop on Future Physics at {HERA}},
  publisher =    {DESY},
  year =         {1996},
  volume =       {1},
  pages =        {33},
  submitdate =   {20.06.01-15:07},
  checked =      {2}
}

@InProceedings{proc:hera:1995:613,
  author =       {N.H.~Brook \etal},
  title =        {Tuning {Monte Carlo} Event Generators to {HERA} Data},
  editor =       {G.~Ingelman, A.~De~Roeck and R.~Klanner},
  booktitle =    {Proc.\ the Workshop on Future Physics at {HERA}},
  publisher =    {DESY},
  address =      {Hamburg, Germany},
  year =         {1996},
  volume =       {1},
  pages =        {613},
  submitdate =   {23.07.01-18:40},
  checked =      {1}
}

@InProceedings{proc:hera:1995:163,
  author =       {R.J.~Cashmore \etal},
  title =        {Measurement of Weak Neutral Current Couplings of Quarks at
                  {HERA}},
  editor =       {G.~Ingelman, A.~De~Roeck and R.~Klanner},
  booktitle =    {Proc.\ the Workshop on Future Physics at {HERA}},
  publisher =    {DESY},
  address =      {Hamburg, Germany},
  year =         {1996},
  volume =       {1},
  pages =        {163},
  submitdate =   {22.11.01-13:51},
  checked =      {1}
}

%-------------------------------------------------------------------------------
%     HERA Workshop 1996
%-------------------------------------------------------------------------------

@InProceedings{proc:hera:1996:129,
  author =       {R.J.~Cashmore \etal},
  title =        {Electroweak Physics at {HERA}: Introduction and Summary},
  booktitle =    {Proc.\ Workshop on Future Physics at {HERA}},
  editor =       {G.~Ingelman, A.~De~Roeck and R.~Klanner},
  address =      {Hamburg, Germany},
  year =         {1996},
  volume =       {1},
  pages =        {129},
  submitdate =   {09.04.01-16:00},
  checked =      {2}
}

@InProceedings{proc:hera:1996:635,
  author =       {H.~Abramowicz \etal},
  title =        {Diffractive Hard Scattering: {Summary} Report of the Working
                  Group},
  editor =       {G.~Ingelman, A.~De Roeck and R.~Klanner},
  booktitle =    {Proc.\ Workshop on Future Physics at {HERA}},
  address =      {Hamburg, Germany},
  year =         {1996},
  pages =        {635},
  volume =       {2},
  submitdate =   {29.06.01-17:52},
  checked =      {2}
}

@Proceedings{misc:futurehera,
  title =        {Future Physics at HERA Volumes I and II},
  editor =       {G. Ingelman, A. De Roeck, R. Klanner},
  year =         {1996},
  submitdate =   {09.08.01-18:40},
  checked =      {1}
}

@InProceedings{proc:hera:1996:222,
  author =       {F.~Zetsche},
  title =        {Lepton Beam Polarisation at {HERA}},
  editor =       {G.~Ingelman, A.~De~Roeck and R.~Klanner},
  booktitle =    {Proc.\ Workshop on Future Physics at {HERA}},
  address =      {Hamburg, Germany},
  year =         {1996},
  volume =       {1},
  pages =        {222},
  submitdate =   {06.03.02-18:09},
  checked =      {2}
}

@InProceedings{proc:hera:1996:295,
  replaces =     {perez:1996eg},
  author =       {E.~Perez, Y.~Sirois and H.~Dreiner},
  title =        {R-parity violating supersymmetry at {HERA}},
  editor =       {G.~Ingelman, A.~De Roeck, R.~Klanner},
  booktitle =    {Future Physics at HERA},
  publisher =    {DESY},
  address =      {Hamburg, Germany},
  year =         {1996},
  volume =       {1},
  pages =        {295-311},
  eprint =       {hep-ph/9703444},
  submitdate =   {16.01.01-16:51},
  checked =      {1}
}

@InProceedings{proc:hera:1996:227,
  author =       {H.~Spiesberger},
  title =        {{EPRC}: A Program Package for Electroweak Physics at {HERA}},
  editor =       {G.~Ingelman, A.~De~Roeck and R.~Klanner},
  booktitle =    {Proc.\ Workshop on Future Physics at {HERA}},
  publisher =    {DESY},
  address =      {Hamburg, Germany},
  year =         {1996},
  volume =       {1},
  pages =        {227},
  www =          {http://www.desy.de/~hspiesb/eprc.html},
  submitdate =   {08.11.01-12:14},
  checked =      {1}
}

@InProceedings{proc:hera:1996:140,
  author =       {R.~Beyer \etal},
  title =        {Electroweak Precision Tests with Deep Inelastic Scattering at {HERA}},
  editor =       {G.~Ingelman, A.~De~Roeck and R.~Klanner},
  booktitle =    {Proc.\ Workshop on Future Physics at {HERA}},
  address =      {Hamburg, Germany},
  year =         {1996},
  volume =       {1},
  pages =        {140},
  submitdate =   {06.03.02-18:09},
  checked =      {2}
}

@InProceedings{proc:hera:1996:163,
  author =       {R.J.~Cashmore \etal},
  title =        {Measurement of Weak Neutral Current Couplings of Quarks at {HERA}},
  editor =       {G.~Ingelman, A.~De~Roeck and R.~Klanner},
  booktitle =    {Proc.\ Workshop on Future Physics at {HERA}},
  address =      {Hamburg, Germany},
  year =         {1996},
  volume =       {1},
  pages =        {163},
  submitdate =   {06.03.02-18:09},
  checked =      {2}
}

%-------------------------------------------------------------------------------
%     HERA Workshop on MC Generators 1999
%-------------------------------------------------------------------------------


@InProceedings{proc:mc:1998:566,
  author =       {T.~Abe \etal},
  title =        {\textsc{Grape-Dilepton} (Version 1.0):\\ A Generator for Dilepton
                  Production in $ep$ Collisions},
  editor =       {T.A.~Doyle \etal},
  booktitle =    {Proc.\ Workshop on Monte Carlo Generators for {HERA} Physics},
  publisher =    {DESY},
  address =      {Hamburg, Germany},
  year =         {1999},
  pages =        {566},
  report =       {DESY-PROC-1999-02},
  www =          {www.desy.de/~heramc/},
  submitdate =   {17.01.01-14:06},
  checked =      {2}
}

@InProceedings{proc:mc:1998:396,
  author =       {B.~List and A.~Mastroberardino},
  title =        {\textsc{Diffvm}: A {Monte Carlo} Generator for Diffractive 
                  Processes in $ep$ Scattering},
  booktitle =    {Proc.\ Workshop on Monte Carlo Generators for {HERA} Physics},
  publisher =    {DESY},
  address =      {Hamburg, Germany},
  year =         {1999},
  pages =        {396},
  report =       {DESY-PROC-1999-02},
  www =          {www.desy.de/~heramc/},
  submitdate =   {12.06.01-14:42},
  checked =      {2}
}

@InProceedings{proc:mc:1998:386,
  author =       {M.G.~Ryskin and A.~Solano},
  title =        {\textsc{Ridi}: A Monte Carlo Generator for Diffractive Dissociation of
                  Virtual Photons in $ep$ Scattering},
  editor =       {G.~Grindhammer, G.~Ingelman, H.~Jung and T.~Doyle},
  booktitle =    {Proc.\ Workshop on Monte Carlo Generators for {HERA} Physics},
  publisher =    {DESY},
  address =      {Hamburg, Germany},
  year =         {1999},
  pages =        {386},
  report =       {DESY-PROC-1999-02},
  www =          {www.desy.de/~heramc/},
  submitdate =   {29.06.01-17:26},
  checked =      {2}
}

@InProceedings{proc:mc:1998:530,
  author =       {B.~Heinemann, S.~Riess and H.~Spiesberger},
  title =        {Radiative Corrections for Charged Current Scattering: A
                  Comparison of Computer Codes},
  editor =       {G.~Grindhammer \etal},
  booktitle =    {Proc.\ Workshop on Monte Carlo Generators for {HERA} Physics},
  publisher =    {DESY},
  address =      {Hamburg, Germany},
  year =         {1999},
  pages =        {530},
  report =       {DESY-PROC-1999-02},
  www =          {www.desy.de/~heramc/},
  submitdate =   {18.02.02-12:24},
  checked =      {1}
}

@InProceedings{proc:mc:1998:171,
  author =       {B.W.~Harris, M.~Klasen and J.~Vossebeld},
  title =        {Detailed Comparison of Next-to-Leading Order Predictions for
                  Jet Photoproduction at {HERA}},
  editor =       {T.A.~Doyle \etal},
  booktitle =    {Proc.\ Workshop on Monte Carlo Generators for {HERA} Physics},
  publisher =    {DESY},
  address =      {Hamburg, Germany},
  year =         {1999},
  pages =        {171},
  report =       {DESY-PROC-1999-02},
  www =          {www.desy.de/~heramc/},
  eprint =       {hep-ph/9905348},
  submitdate =   {23.07.01-18:32},
  checked =      {1}
}

%------------------------------------------------------------------------------
%     Conferences 1976
%------------------------------------------------------------------------------
@Proceedings{proc:moriond:1976,
  title =        {Proceedings of the 11th {Rencontre de Moriond}, February 28 - March 12, 1976, Flaine, Haute-Savoie, France},
  editor =       {J.~Tran~Thanh~Van},
  year =         {1976},
  submitdate =   {09.07.01-18:31},
  checked =      {2}
}

%------------------------------------------------------------------------------
%     Conferences 1981
%-------------------------------------------------------------------------------
@InProceedings{proc:lp:1981:880,
  author =       {M.E.~Peskin},
  title =        {Compositeness of Quarks and Leptons},
  editor =       {W.~Pfeil},
  booktitle =    {Proc.\ Lepton-Photon Symposium, Bonn},
  year =         {1981},
  pages =        {880},
  submitdate =   {18.01.02-14:05},
  checked =      {1}
}

%-------------------------------------------------------------------------------
%     Conferences 1982
%-------------------------------------------------------------------------------

@InProceedings{proc:eihi:1982:296,
  author =       {R.~K\"ogerler},
  title =        {Electroweak Interactions in Composite Models --
                  Phenomenological Aspects},
  editor =       {R.~K\"ogerler and D.~Schildknecht},
  booktitle =    {Proc.\ DESY Workshop on Electroweak Interactions at High
                  Energies},
  year =         {1982},
  pages =        {296},
  submitdate =   {23.01.02-16:52},
  checked =      {1}
}

@InProceedings{proc:eihi:1982:325,
  author =       {R.~Barbieri},
  title =        {Composite Quarks, Leptons and Weak Gauge Bosons},
  editor =       {R.~K\"ogerler and D.~Schildknecht},
  booktitle =    {Proc.\ DESY Workshop on Electroweak Interactions at High
                  Energies},
  year =         {1982},
  pages =        {325},
  submitdate =   {23.01.02-16:53},
  checked =      {1}
}

@InProceedings{proc:eihi:1982:334,
  author =       {H.~Harari},
  title =        {Composite Models for Quarks and Leptons},
  editor =       {R.~K\"ogerler and D.~Schildknecht},
  booktitle =    {Proc.\ DESY Workshop on Electroweak Interactions at High
                  Energies},
  year =         {1982},
  pages =        {334},
  submitdate =   {23.01.02-16:55},
  checked =      {1}
}

@InProceedings{proc:arctic:1982:355,
  author =       {R.D.~Peccei},
  title =        {Composite Models of Quarks and Leptons},
  booktitle =    {Gauge Theories of the Eighties, Proc. \ Arctic School of
                  Physics 1982, \"Ak\"aslompolo, Finland},
  editor =       {R.~Raitio and J.~Lindfors},
  publisher =    {Springer},
  address =      {Berlin, Germany},
  year =         {1983},
  series =       {Lecture Notes in Physics},
  pages =        {355},
  submitdate =   {23.01.02-17:04},
  checked =      {1}
}

@InProceedings{proc:arctic:1982:387,
  replacedby =   {proc:arctic:1982:386},
  author =       {H.~Fritzsch},
  title =        {Leptons and Quarks as Composite Objects},
  booktitle =    {Gauge Theories of the Eighties, Proc. \ Arctic School of
                  Physics 1982, \"Ak\"aslompolo, Finland},
  editor =       {R.~Raitio and J.~Lindfors},
  publisher =    {Springer},
  address =      {Berlin, Germany},
  year =         {1983},
  series =       {Lecture Notes in Physics},
  pages =        {387},
  submitdate =   {23.01.02-17:06},
  checked =      {1}
}

@InProceedings{proc:arctic:1982:386,
  replaces =     {proc:arctic:1982:387},
  author =       {H.~Fritzsch},
  title =        {Leptons and Quarks as Composite Objects},
  booktitle =    {Gauge Theories of the Eighties, Proc. \ Arctic School of
                  Physics 1982, \"Ak\"aslompolo, Finland},
  editor =       {R.~Raitio and J.~Lindfors},
  publisher =    {Springer},
  address =      {Berlin, Germany},
  year =         {1983},
  series =       {Lecture Notes in Physics},
  pages =        {386},
  submitdate =   {23.01.02-17:06},
  checked =      {1}
}


%-------------------------------------------------------------------------------
%     Conferences 1983
%-------------------------------------------------------------------------------
@InProceedings{proc:lp:1983:634,
  author =       {F.~Dydak},
  title =        {Experimental Results from Lepton-Hadron and Photon-Hadron
                  Scattering: Structure Functions and Final States},
  editor =       {D.G.~Cassel and D.L.~Kreinick},
  booktitle =    {Proceedings of the 1983 International Symposium on Lepton and
                  Photon Interactions at High Energies (LP83), Cornell, New
                  York, USA, Aug.~1983},
  publisher =    {F.R.~Newman Laboratory of Nuclear Studies},
  address =      {Ithaca, New York 14853, USA},
  year =         {1983},
  pages =        {634},
  submitdate =   {23.07.01-19:21},
  checked =      {1}
}

%------------------------------------------------------------------------------
%     Conferences 1984
%------------------------------------------------------------------------------
@InProceedings{proc:lesip:1984:115,
  author =       {G.~Goldhaber \etal},
  title =        {The {GGLP} Effect from 1959 to 1984},
  editor =       {D.K.~Scott, R.M.~Weiner},
  booktitle =    {First International Workshop on Local Equilibrium in Strong Interaction Physics (LESIP I)},
  publisher =    {World Scientific},
  address =      {Singapore},
  year =         {1985},
  pages =        {115},
  submitdate =   {05.06.02-15:45},
  checked =      {2}
}

%-------------------------------------------------------------------------------
%     Conferences 1990
%-------------------------------------------------------------------------------

@InProceedings{proc:snowmass:1990:134,
  author =       {J.E.~Huth \etal},
  title =        {Toward a Standardization of Jet Definitions},
  editor =       {E.L.~Berger},
  booktitle =    {Research Directions for the Decade. Proceedings of Summer
                  Study on High Energy Physics, 1990},
  publisher =    {World Scientific},
  year =         {1992},
  pages =        {134},
  report =       {FERMILAB-CONF-90-249-E},
  submitdate =   {25.01.01-14:41},
  checked =      {2}
}

%-------------------------------------------------------------------------------
%     Conferences 1991
%-------------------------------------------------------------------------------
@InProceedings{proc:rhip:1991:75,
  author =       {T.~Cs\"{o}rg\H{o} and S.~Pratt},
  title =        {Structure of the Peak in {Bose-Einstein} Correlations},
  editor =       {T.~Cs\"{o}rg\H{o} \etal},
  booktitle =    {Proceedings of the Workshop on Relativistic Heavy Ion
                  Physics at Present and Future Accelerators},
  year =         {1991},
  pages =        {75},
  type =         {{CRIP} Preprint},
  report =       {KFKI-1991-28/A},
  submitdate =   {06.06.02-10:21},
  checked =      {2}
}

@InProceedings{proc:mc91:1991:58,
  author =       {V.~Innocente, M.~Maire and E.~Nagy},
  title =        {{GEANE}: Average Tracking and Error Propagation Package},
  editor =       {K.~Bos and B.~van~Eijk},
  booktitle =    {{MC91}: Workshop on Detector and Event Simulation in High Energy physics},
  organization = {NIKHEF},
  address =      {Amsterdam},
  year =         {1991},
  pages =        {58-78},
  submitdate =   {06.09.03-17:06},
  checked =      {2}
}

%-------------------------------------------------------------------------------
%     Conferences 1993
%-------------------------------------------------------------------------------
@InProceedings{proc:blois:1993:181,
  author =       {M.G.~Ryskin, S.Y.~Sivoklokov and A.~Solano},
  title =        {{Monte Carlo} Studies of Diffractive Processes in Deep Inelastic
                  Scattering},
  editor =       {H.M. Fried, K.~Kang and C.I.~Tan},
  booktitle =    {Proc.\ International Conf.\ on Elastic and Diffractive
                  Scattering, Providence RI, June 1993},
  year =         {1993},
  publisher =    {World Scientific},
  address  =     {Singapore},
  submitdate =   {29.06.01-17:22},
  checked =      {1}
}

%-------------------------------------------------------------------------------
%     Conferences 1994
%-------------------------------------------------------------------------------

@InProceedings{proc:md:1994:15,
  author =       {E.~De~Wolf},
  title =        {On {Bose-Einstein} Correlations and Generating Functions},
  editor =       {A.~Giovannini, S.~Lupia and R.~Ugoccioni},
  booktitle =    {Proceedings of the XXIV International Symposium on Multiparticle Dynamics},
  publisher =    {World Scientific, Singapore},
  year =         {1995},
  pages =        {15},
  submitdate =   {05.06.02-10:05},
  checked =      {2}
}

%-------------------------------------------------------------------------------
%     Conferences 1996
%-------------------------------------------------------------------------------

@InProceedings{proc:dis:1996:197,
  author =       {D.~Haidt},
  title =        {Double Logarithmic Scaling of {$F_2$}},
  booktitle =    {Proc.\ Int.\ Workshop on Deep Inelastic Scattering and 
                  Related Phenomena (DIS96), Rome, Italy, April~1996},
  year =         1997,
  editor =       {G.~D'Agostini and A.~Nigro},
  publisher =    {World Scientific},
  address =      {Singapore},
  pages =        {197},
  checked =      {1}
}

%-------------------------------------------------------------------------------
%     Conferences 1997
%-------------------------------------------------------------------------------

@InProceedings{proc:dis:1997:386,
  author =       {D.~Haidt},
  title =        {Double-Logarithmic Behaviour of {$F_2(x,Q^2)$} for all 
                  {$Q^2$} and $x<0.005$},
  booktitle =    {Proc.\ 5\/$^{th}$ Int.\ Workshop on Deep Inelastic
                  Scattering and QCD (DIS97), Chicago, IL, USA, April~1997},
  year =         1997,
  editor =       {J.~Repond and D.~Krakauer},
  series =       {AIP Conference Proceedings},
  volume =       {407},
  publisher =    {American Institute of Physics},
  address =      {Woodbury, NY},
  pages =        {386},
  checked =      {2}
}

@InProceedings{dreiner:1997uz,
  author =       {H.~Dreiner},
  title =        {An Introduction to Explicit {R}-Parity Violation},
  editor =       {G.L.~Kane},
  booktitle =    {Perspectives on Supersymmetry},
  publisher =    {World Scientific},
  year =         {1997},
  eprint =       {hep-ph/9707435},
  submitdate =   {16.01.01-16:46},
  checked =      {1}
}

%-------------------------------------------------------------------------------
%     Conferences 1998
%-------------------------------------------------------------------------------

@Proceedings{proc:sym:1998,
  title =	 {Sym\'etrie et brisure de sym\'etrie, Proc.\ {\slshape Quatri\`eme
                  rencontre ``Physique $\&$ interrogations fondamentales''
                  [in French] (1998)}},
  editor =	 {G.~Cohen-Tannoudji and Y.~Sacquin},
  publisher =	 {EDP Sciences},
  year =	 {1999},
  address =	 {Les Ulis Cedex~A, France},
  submitdate =	 {05.01.01-14:45},
  checked =	 {2}
}

@InProceedings{jungmann:1998nz,
  author =       {K.P.~Jungmann},
  title =        {Lepton Flavor Violation Experiments: Some Recent Developments},
  editor =       {J.F.~Nieves},
  booktitle =    {Particle Physics and Cosmology: Proceedings},
  publisher =    {Amer. Inst. Phys.},
  year =         {1998},
  pages =        {148},
  series =       {AIP Conference Proceedings, Vol. 444},
  eprint =       {hep-ex/9806003},
  submitdate =   {16.01.01-10:00},
  checked =      {1}
}


%-------------------------------------------------------------------------------
%     Conferences 1999
%-------------------------------------------------------------------------------

@Article{npps:b79:186,
  author =       {D.~Haidt},
  title =        {Log-Log Behaviour of {$F_2$} at Low $x$ in the
                  {$Q^2$} Range from $0.1\gev^2$ to $35\gev^2$},
  journal =      NPPS,
  volume =       {B~79},
  pages =        {186},
  doi =          {10.1016/S0920-5632(99)00670-2},
  year =         {1999},
  note =         {contrib.~to 7\/$^{th}$ Int.\ Workshop on Deep
                  Inelastic Scattering and QCD (DIS99), Zeuthen,
                  Germany, April~1999},
  checked =      {1}
}

@Article{npps:b79:105,
  author =       {A.D.~Martin \etal},
  title =        {Update of {MRST} partons},
  journal =      NPPS,
  volume =       {B~79},
  pages =        {105},
  doi =          {10.1016/S0920-5632(99)00646-5},
  year =         {1999},
  eprint =       {hep-ph/9906231},
  note =         {\slshape Proc. 7\/$^{th}$ Int.\ Workshop on Deep
                  Inelastic Scattering and QCD (DIS99), \upshape
                  J.~Bl\"{u}mlein and T.~Riemann (eds.). Zeuthen,
                  Germany, April~1999},
  checked =      {1}
}

@InProceedings{proc:ringberg:1999:levin,
  Author =       {E.~Levin},
  Title =        {Screening Effects on {$F_2$} at low $x$ and {$Q^2$}},
  Booktitle =    {Proc.\ Ringberg Workshop on New Trends in HERA Physics,
                  Ringberg Castle, Tegernsee, Germany, May--June 1999},
  Editor =       {G.~Grindhammer, B.A.~Kniehl and G.~Kramer},
  Publisher =    {Springer},
  Address =      {Berlin},
  Series =       {Lecture Notes in Physics},
  Volume =       {546},
  Pages =        {58},
  Year =         {2000},
  Eprint =       {hep-ph/9908379},
  Report =       {DESY-99-113},
  Institution =  {DESY},
  Checked =      {1}
}

@InProceedings{proc:lp:1999:klein,
  Author =	 {M.~Klein},
  Title =	 {Structure Functions on Deep Inelastic Lepton--Nucleon
                  Scattering},
  Booktitle =	 {Proc.\ 19$^{th}$ Int.\ Symposium on Lepton and Photon
                  Interactions at High Energies (LP99), Stanford, CA, USA,
                  Aug.~1999},
  Year =	 {2000},
  Editor =       {J.A.~Jaros and M.E.~Peskin},
  Publisher =    {World Scientific},
  Address =      {Singapore},
  Pages =        {467},
  Eprint =	 {hep-ex/0001059},
  Note =         {eConf C990908},
  Checked =	 {1}
}

@InProceedings{proc:snowmass:1999:162,
  author =       {L.L.~Jones \etal},
  title =        {The {APV25} Deep Submicron Readout Chip for {CMS} Detectors},
  year =         {1999},
  Booktitle =    {Fifth Workshop on Electronics for {LHC} Experiments},
  www =          {http://www.te.rl.ac.uk/med},
  pages =        {162},
  submitdate =   {05.03.01-19:18},
  checked =      {2}
}

@InProceedings{proc:ringberg:1999:361,
  author =       {H.~Kowalski},
  title =        {Inclusive Diffraction at {HERA}},
  editor =       {G.~Grindhammer, B.A.~Kniehl and G.~Kramer},
  booktitle =    {Proceedings of the Workshop on New Trends in HERA Physics},
  year =         {1999},
  pages =        {361-380},
  www =          {http://www-library.desy.de/conf/ringberg99.html},
  submitdate =   {18.12.01-12:10},
  checked =      {1}
}

@Misc{misc:delphi:moriond99:232,
  author =       {{DELPHI} \coll},
  title =        {Update on the Search for Singly Produced Excited Fermions at
                  {LEP}},
  year =         {1999},
  howpublished = {Contribution to Moriond EW '99, DELPHI 99-33 CONF 232},
  submitdate =   {09.02.01-15:51},
  checked =      {2}
}

@Misc{misc:delphi:eps99:115,
  author =       {{DELPHI} \coll},
  title =        {Update on the Search for Excited Fermions at {LEP}},
  year =         {1999},
  howpublished = {Contributed paper 115 to EPS '99, Tampere, Finland, DELPHI 99-71 CONF 258},
  submitdate =   {09.02.01-15:56},
  checked =      {2}
}

%-------------------------------------------------------------------------------
%     Conferences 2000
%-------------------------------------------------------------------------------

@Misc{misc:bruni:dis2000,
  Author =	 {A.~Bruni},
  Title =	 {Elastic {$J/\psi$}, $\psi(2S)$ and {$\Upsilon$}
                  Photoproduction at {HERA}},
  Year =	 {2000},
  Note =	 {to appear in {\slshape Proc.\ $8^{th}$ Int.\ Workshop on
                  Deep-Inelastic Scattering (DIS2000), Liverpool, April 2000}},
  www =          {http://hep.ph.liv.ac.uk/~disproc/PWG4/},
  Checked =	 {1}
}
 
@Misc{misc:erdmann:dis2000,
  Author =	 {M.~Erdmann},
  Title =	 {Hadronic Structure Functions},
  Year =	 {2000},
  Note =	 {to appear in {\slshape Proc.\ $8^{th}$ Int.\ Workshop on
                  Deep-Inelastic Scattering (DIS2000), Liverpool, April 2000}},
  www =          {http://hep.ph.liv.ac.uk/~disproc/},
  Checked =	 {1}
}

@Misc{misc:thorne:dis2000,
  Author =	 {R.S.~Thorne},
  Title =	 {Solution of the Running-Coupling-{NLO} {BFKL} Equation and
                  Implications for Structure Functions},
  Year =	 {2000},
  Note =	 {to appear in {\slshape Proc.\ $8^{th}$ Int.\ Workshop on
                  Deep-Inelastic Scattering (DIS2000), Liverpool, April 2000}},
  Checked =	 {1}
}
 
@Misc{misc:ellis:dis2000,
  Author =	 {R.K.~Ellis},
  Title =	 {{DIS}~2000: Outlook},
  Year =	 {2000},
  Note =	 {to appear in {\slshape Proc.\ $8^{th}$ Int.\ Workshop on
                  Deep-Inelastic Scattering (DIS2000), Liverpool, April 2000}},
  www =          {http://hep.ph.liv.ac.uk/~disproc/},
  Checked =	 {1}
}

@Misc{misc:schoerner:dis2000,
  Author =	 {T.~Sch\"orner},
  Title =	 {Single-Inclusive Jets in {DIS} at Low {$Q^2$} at {HERA}},
  Year =	 {2000},
  Note =	 {to appear in {\slshape Proc.\ $8^{th}$ Int.\ Workshop on
                  Deep-Inelastic Scattering (DIS2000), Liverpool, April 2000}},
  www =          {http://hep.ph.liv.ac.uk/~disproc/PWG2},
  Checked =	 {1}
}
 
@Preprint{slac-pub-8640,
  Author =	 {R.E.~Taylor},
  Title =	 {The Discovery of the Point-Like Structure of Matter},
  Year =	 {2000},
  Institution =  {SLAC},
  Report =       {SLAC-PUB-8640},
  Note =         {Invited talk at Discussion Meeting {\slshape Quark Structure
                  of Matter}, London, England, May 2000; 
                  subm.\ to Phil.~Trans.~Roy.~Soc.~Lond.},
  Checked =	 {1}
}
 
@Preprint{hep-ex-0009033,
  Author =	 {J.~Dainton},
  Title =	 {Photon Structure and Quantum Fluctuation},
  Year =	 {2000},
  Eprint =	 {hep-ex/0009033},
  Institution =	 {Univ.\ Liverpool},
  Report =	 {DESY-00-137},
  Note =         {Invited talk at Discussion Meeting {\slshape Quark Structure
                  of Matter}, London, England, May 2000; 
                  subm.\ to Phil.~Trans.~Roy.~Soc.~Lond.},
  Checked =	 {1}
}

@Preprint{hep-ph-0007257,
  Author =	 {J.~Forshaw, G.~Kerley and G.~Shaw},
  Title =	 {Colour Dipoles and Saturation},
  Year =	 {2000},
  Eprint =	 {hep-ph/0007257},
  Report =	 {MC-TH-00-04},
  Institution =	 {Manchester Univ.},
  Note =	 {to appear in {\slshape Proc.\ $8^{th}$ Int.\ Workshop on
                  Deep-Inelastic Scattering (DIS2000), Liverpool, April 2000}},
  Checked =	 {1}
} 

@Misc{misc:maor:osaka,
  Author =	 {U.~Maor},
  Title =	 {Unitarisation in Processes Mediated by Real and Virtual
                  Photons},
  Note =	 {talk at {\slshape XXXth Int.\ Conf.\ on High Energy Physics
                  (ICHEP2000)}, Osaka, Japan, July 2000},
  www =		 {www.ichep2000.rl.ac.uk/scan/0728/pa02/maor/index.html},
  Checked =	 {1}
}

@InProceedings{proc:clw:2000:237,
  author =       {M.~Corradi},
  title =        {Inclusion of Systematic Incertainties in Upper Limits and
                  Hypothesis Tests},
  booktitle =    {Proceedings of the Workshop on Confidence Limits},
  organization = {CERN},
  address =      {Geneva, Switzerland},
  year =         {2000},
  pages =        {237},
  report =       {CERN 2000-005},
  www =          {cern.web.cern.ch/CERN/Divisions/EP/Events/CLW/PAPERS/PS/corradi.ps},
  submitdate =   {07.09.01-13:33},
  checked =      {1}
}

@InProceedings{proc:photon:1999:taylor,
  author =       {J.M.~Butterworth and R.J.~Taylor},
  title =        {A Global Study of Photon Induced Jet Production},
  booktitle =    {International Conference on the Structure and Interactions of
                  the Photon (Photon 99), Freiburg, Germany, 23-27 May 1999},
  publisher =    {Nucl.~Phys.~Proc.~Suppl.},
  year =         {2000},
  volume =       {82},
  pages =        {112},
  eprint =       {hep-ph/9907394},
  submitdate =   {24.07.01-10:08},
  checked =      {1}
}

@InProceedings{proc:dis:2000:192,
  author =       {H.~Kowalski and M.~W\"usthoff},
  title =        {{SATRAP} Model for Diffractive {DIS} Processes},
  booktitle =    {Proceedings of the 8th International Workshop Deep Inelastic
                  Scattering and QCD},
  year =         {2000},
  pages =        {192},
  Editor =       {J.~Gracey and T.~Greenshaw},
  Publisher =    {World Scientific},
  Address =      {Singapore},
  submitdate =   {18.12.01-12:13},
  checked =      {1}
}

@Misc{misc:delphi:moriond2000:354,
  author =       {{DELPHI} \coll},
  title =        {Update on the Search for Singly Produced Excited Leptons at
                  {LEP}},
  year =         {2000},
  howpublished = {Contribution to Moriond EW 2000, DELPHI 2000-035 CONF 354},
  submitdate =   {09.02.01-15:56},
  checked =      {2}
}

@InProceedings{proc:confidence:2000:49,
  replaces =     {cern-open-2000-203},
  author =       {R.D.~Cousins},
  title =        {Comments on Methods for Setting Confidence Limits},
  editor =       {F.~James, L.~Lyons and Y.~Perrin},
  booktitle =    {Workshop on Confidence Limits,
                  {CERN}, Geneva, Switzerland, January 17-18, 2000 : Proceedings},
  publisher =    {CERN},
  address =      {Geneva},
  year =         {2000},
  pages =        {49-61},
  note =         {CERN Report CERN 2000-005},
  submitdate =   {28.06.05-19:31},
  checked =      {2}
}
@InProceedings{proc:dis:2000:450,
  replaces =     {misc:acosta:dis2000},
  author =       {D.E.~Acosta},
  title =        {Leptoquark Searches at the {Tevatron}},
  editor =       {J.A.~Gracey and T.~Greenshaw},
  booktitle =    {Proceedings of the $8^\text{th}$ International Workshop on
                  Deep Inelastic Scattering {(DIS2000)}},
  publisher =    {World Scientific},
  address =      {Singapore},
  year =         {2001},
  pages =        {450-453},
  submitdate =   {30.06.05-20:14},
  checked =      {2}
}

@InProceedings{proc:dis:2000:430,
  replaces =     {misc:tobe:dis2000},
  author =       {K.~Tobe},
  title =        {Lepton-Flavor-Violation in {SUSY} Models with and without
                  {R}-Parity},
  editor =       {J.A.~Gracey and T.~Greenshaw},
  booktitle =    {Proceedings of the $8^\text{th}$ International Workshop on
                  Deep Inelastic Scattering {(DIS2000)}},
  publisher =    {World Scientific},
  address =      {Singapore},
  year =         {2001},
  pages =        {430-433},
  submitdate =   {30.06.05-20:17},
  checked =      {2}
}

@InProceedings{proc:dis:2000:93,
  author =       {NuTeV \coll, T.~Adams \etal},
  title =        {Measuring the Strange Sea at {NuTeV}},
  editor =       {J.A.~Gracey and T.~Greenshaw},
  booktitle =    {Proceedings of the $8^\text{th}$ International Workshop on
                  Deep Inelastic Scattering {(DIS2000)}},
  publisher =    {World Scientific},
  address =      {Singapore},
  year =         {2001},
  pages =        {93},
  submitdate =   {06.06.02-17:06},
  checked =      {2}
}

@Article{ptps:138:18,
  author =       {F.~Yuasa \etal},
  title =        {Automatic Computation of Cross Sections in {HEP}:
                  Status of {GRACE} system},
  journal =      {Prog.~Theor.~Phys.~Suppl.},
  year =         {2000},
  volume =       {138},
  pages =        {18},
  doi =          {10.1143/PTPS.138.18},
  eprint =       {hep-ph/0007053},
  submitdate =   {20.01.06-14:17},
  checked =      {2}
}

%-------------------------------------------------------------------------------
%     Conferences 2001
%-------------------------------------------------------------------------------

@Proceedings{proc:quark:2000,
  replaces =     {misc:altarelli:rs2000},
  Title =        {Proceedings of Royal Society Discussion Meeting, ``The Quark
                  Structure of Matter''},
  editor =       {I.~Butterworth, J.R.~Ellis and E.~Gabathuler},
  Year =         {2001},
  Checked =      {1}
}

@Misc{misc:delphi:moriond01:exotica:www,
  author =       {DELPHI \coll},
  title =        {Search for Singly Produced Excited Leptons},
  howpublished = {DELPHI Exotica Results for Moriond 2001},
  www =          {http://delphiwww.cern.ch/teams/searches/moriond2001/exotica/exotica.html},
  submitdate =   {05.07.01-11:34},
  checked =      {2}
}

@Misc{misc:opal:eps01:48,
  author =       {{OPAL} \coll},
  title =        {Measurement of the Cross-Section of Double-Tagged Events in
                  Two-Photon Collisions at {LEP}},
  howpublished = {Abstract 48, Paper Contribution to International Europhysics Conference on High Energy Physics 2001, Budapest, Hungary},
  www =          {http://opal.web.cern.ch/Opal/pubs/eps2001/abstr.html},
  submitdate =   {09.08.01-15:19},
  checked =      {2}
}

@Misc{misc:lep:exotica:2001-02,
  author =       {The ALEPH, DELPHI, L3 and OPAL Collaborations and the LEP
                  Exotica Working Group},
  title =        {Search for Excited Leptons: Preliminary Combined Results of
                  the {LEP} Experiments},
  year =         {2001},
  howpublished = {LEP Exotica WG 2001-02, DELPHI 2001-120 CONF 543, L3 Note
                  2705, OPAL Technical Note TN701},
  note =         {Preliminary LEP results to be presented at EPS01 and LP01},
  www =          {http://lepexotica.web.cern.ch/LEPEXOTICA/notes/notes.html},
  submitdate =   {30.01.02-15:10},
  checked =      {2}
}
