@Set{bluebook,
  entryset =	 {zeus:1993:bluebook},
  crossref =	 {zeus:1993:bluebook}
}
@Set{CTD,
  entryset =	 {nim:a279:290,npps:b32:181,nim:a338:254},
  crossref =	 {nim:a279:290}
}
@Set{MVD,
  entryset =	 {nim:a581:656},
  crossref =	 {nim:a581:656}
}
@Set{STT,
  entryset =	 {nim:a535:191},
  crossref =	 {nim:a535:191}
}
@Set{CAL,
  entryset =	 {nim:a309:77,nim:a309:101,nim:a321:356,nim:a336:23},
  crossref =	 {nim:a309:77}
}
@Set{HES,
  entryset =	 {nim:a277:176},
  crossref =	 {nim:a277:176}
}
@Set{6mT,
  entryset =	 {thesis:gosau:2007},
  crossref =	 {thesis:gosau:2007}
}
@Set{BAC,
  entryset =	 {nim:a300:480},
  crossref =	 {nim:a300:480}
}
@Set{PCAL,
  entryset =	 {desy-92-066,zfp:c63:391,acpp:b32:2025},
  crossref =	 {desy-92-066}
}
@Set{SPECTRO,
  entryset =	 {nim:a565:572},
  crossref =	 {nim:a565:572}
}
