% Bibliography for DPE paper

@Article{Chadwick:1932ma,
  author =	 {J.~Chadwick},
  title =	 {Possible Existence of a Neutron},
  journal =	 {Nature},
  year =	 {1932},
  volume =	 {129},
  pages =	 {312},
  checked =	 {1}
}

@InProceedings{Panofsky:1968pb,
  author =       {W.K.H. Panofsky},
  title =        {Electromagnetic Interactions: Low $Q^{2}$ Electrodynamics: Elastic and Inelastic Electron (and Muon) Scattering},
  booktitle =    {Proceedings 14th International Conference of High-Energy Physics},
  address =      {Vienna, Austria},
  year =         {1968},
  pages =        {23},
  editor =       {J.Prentki and J.~Steinberger},
  checked =      {1}
}
@Article{Panofsky:1968pb,
      author         = {W.K.H. Panofsky},
      title          = {Electromagnetic Interactions: Low $Q^{2}$ Electrodynamics:
                        Elastic and Inelastic Electron (and Muon) Scattering},
      pages          = {23},
      year           = {1968}
}

@Article{Bloom:1969kc,
      author         = {E.D. Bloom \etal},
      title          = {High-Energy Inelastic \ep Scattering at 6-Degrees and
                        10-Degrees},
      journal        = {Phys.Rev.Lett.},
      volume         = {23},
      pages          = {930},
      doi            = {10.1103/PhysRevLett.23.930},
      year           = {1969}
}

@Article{Briedenbach:1969,
      author         = {M. Briedenbach \etal},
      title          = {High-Energy Inelastic \ep Scattering at 6-Degrees and
                        10-Degrees},
      journal        = {Phys.Rev.Lett.},
      volume         = {23},
      pages          = {935},
      doi            = {10.1103/PhysRevLett.23.935},
      year           = {1969}
}

@Article{Taylor:1991ew,
      author         = {R. E. Taylor},
      title          = {Deep inelastic scattering: The Early years},
      journal        = {Rev.Mod.Phys.},
      volume         = {63},
      pages          = {573},
      doi            = {10.1103/RevModPhys.63.573},
      year           = {1991}
}

@Article{Kendall:1991np,
      author         = {H.W. Kendall},
      title          = {Deep inelastic scattering: Experiments on the proton and
                        the observation},
      journal        = {Rev.Mod.Phys.},
      volume         = {63},
      pages          = {597},
      doi            = {10.1103/RevModPhys.63.597},
      year           = {1991}
}

@Article{epj:c70:965,
  author =       {ZEUS \coll, H.~Abramowicz \etal},
  title =        {Inclusive Dijet Cross Sections in Neutral Current Deep Inelastic Scattering at {HERA}},
  journal =      EPJ,
  year =         {2010},
  volume =       {C~70},
  pages =        {965},
  doi =          {10.1140/epjc/s10052-010-1504-2},
  eprint =       {1010.6167},
  submitdate =   {29.10.10-09:47},
  checked =      {2}
} 

@Article{np:b864:1,
  author =       {ZEUS \coll, H.~Abramowicz \etal},
  title =        {Inclusive-jet Photoproduction at {HERA} and determination of \as},
  journal =      NP,
  year =         {2012},
  volume =       {B~864},
  pages =        {1},
  eprint =       {1205.6153},
  submitdate =   {28.05.12-16:25},
  checked =      {2}
} 

@Article{Desai:1978rh,
      author         = {Desai, Bipin R. and Shen, Benjamin C. and Jacob, Maurice},
      title          = {DOUBLE POMERON EXCHANGE IN HIGH-ENERGY p p COLLISIONS},
      journal        = {Nucl.Phys.},
      volume         = {B142},
      pages          = {258},
      doi            = {10.1016/0550-3213(78)90202-X},
      year           = {1978},
}

@Unpublished{upub:Straub:url,
  author =       {B. Straub},
  title =        {The EM Electron Finder},
  www =          {http://www-zeus.desy.de/ZEUS_ONLY/zeus_notes/notes01.html},
} 

@Thesis{thesis:jose:2003,
  author =       {J.R.~Silvia},
  title =        {{Measurement of the High-\qsq Neutral Current DIS Cross Sections with the ZEUS Detector at HERA}},
  thesistype =   {Ph.D. Thesis},
  school =       {Imperial College - London},
  address =      {Hamburg, Germany},
  year =         {2010},
  report =       {DESY-THESIS-2003-022},
  submitdate =   {},
  checked =      {2}
}

@Thesis{thesis:moritz:2001,
  author =       {M.~Moritz},
  title =        {{Measurement of the High \qsq Neutral Current DIS Cross Section at HERA}},
  thesistype =   {Ph.D. Thesis},
  school =       {Hamburg University},
  address =      {Hamburg, Germany},
  year =         {2010},
  report =       {DESY-THESIS-2001-009},
  submitdate =   {},
  checked =      {2}
}
  
@Thesis{thesis:behr:2010,
  author =       {J.~Behr},
  title =        {{Jets at High $Q^2$ at {HERA} and Test Beam Measurements with the EUDET Pixel Telescope}},
  thesistype =   {Ph.D. Thesis},
  school =       {Hamburg University},
  address =      {Hamburg, Germany},
  year =         {2010},
  report =       {DESY-THESIS-2010-038},
  submitdate =   {01.09.2010-00:00},
  checked =      {2}
}

@Article{np:b765:1,
  author =       {ZEUS \coll, S.~Chekanov \etal},
  title =        {Inclusive-jet and dijet cross-sections in deep inelastic scattering at {HERA}},
  journal =      NP,
  year =         {2007},
  volume =       {B~765},
  pages =        {1},
  doi =          {10.1016/j.nuclphysb.2006.09.018},
  eprint =       {hep-ex/0608048},
  checked =      {1}
}

@Article{pl:b649:12,
  author =       {ZEUS \coll, S.~Chekanov \etal},
  title =        {Jet-radius dependence of inclusive-jet cross-sections in
                          deep inelastic scattering at {HERA}},
  journal =      PL,
  year =         {2007},
  volume =       {B~649},
  pages =        {12},
  doi =          {10.1016/j.physletb.2007.03.039},
  eprint =       {hep-ex/0701039},
  checked =      {1}
}

@Article{epj:c65:363,
  author =       {H1 \coll, F.D.~Aaron  \etal},
  title =        {Jet Production in ep Collisions at High \qsq and Determination of \as},
  journal =      EPJ,
  year =         {2010},
  volume =       {C~65},
  pages =        {363},
  doi =          {10.1140/epjc/s10052-009-1208-7},
  eprint =       {0904.3870},
  checked =      {2}
}

@Article{epj:c67:1,
  author =       {H1 \coll, F.D.~Aaron  \etal},
  title =        {Jet Production in ep Collisions at Low \qsq and Determination of \as},
  journal =      EPJ,
  year =         {2010},
  volume =       {C~67},
  pages =        {1},
  doi =          {10.1140/epjc/s10052-010-1282-x},
  eprint =       {0911.5678},
  checked =      {2}
}

@Article{pr:d85:052008,
  author =       {ZEUS \coll, H.~Abramowicz \etal},
  title =        {Angular correlations in three-jet events in \ep collisions at {HERA}},
  journal =      PR,
  year =         {2012},
  volume =       {D~85},
  pages =        {052008},
  doi =          {10.1103/PhysRevD.85.052008},
  eprint =       {0808.3783},
  checked =      {1}
}
 
@Article{epj:c29:497,
   author =       {H1 \coll, C.~Adloff  \etal},
   title =        {Measurement of inclusive jet cross-sections in photoproduction at {HERA}},
   journal =      EPJ,
   year =         {2003},
   volume =       {C~29},
   pages =        {497},
   doi =          {10.1140/epjc/s2003-01262-9},
   eprint =       {hep-ex/0302034},
   checked =      {2}
 }
 
 @Article{epj:c25:13,
    author =       {H1 \coll, C.~Adloff  \etal},
    title =        {Measurement of dijet cross-sections in photoproduction at {HERA}},
    journal =      EPJ,
    year =         {2002},
    volume =       {C~25},
    pages =        {497},
    doi =          {10.1007/s10052-002-1004-0},
    eprint =       {hep-ex/0201006},
    checked =      {2}
  }
  
@Article{pl:b639:21,
      author =       {H1 \coll, A.~Aktas  \etal},
      title =        {Photoproduction of dijets with high transverse momenta at {HERA}},
      journal =      PL,
      year =         {2006},
      volume =       {B~639},
      pages =        {21},
      doi =          {10.1007/s10052-002-1004-0},
      eprint =       {hep-ex/0201006},
      checked =      {2}
    }
    

@Article{pr:d76:072011,
  author =       {ZEUS \coll, S.~Chekanov \etal},
  title =        {High-$E_T$ dijet photoproduction at {HERA}},
  journal =      PR,
  year =         {2007},
  volume =       {D~76},
  pages =        {072011},
  doi =          {10.1103/PhysRevD.76.072011},
  eprint =       {0706.3809},
  checked =      {1}
}
 
@Article{np:b792:1,
  author =       {ZEUS \coll, S.~Chekanov \etal},
  title =        {Three- and four-jet final states in photoproduction at {HERA}},
  journal =      NP,
  year =         {2008},
  volume =       {B~792},
  pages =        {1},
  doi =          {10.1016/j.nuclphysb.2007.08.021},
  eprint =       {0707.3749},
  checked =      {2}
} 

@Article{pr:d78:032004,
  author =       {ZEUS \coll, S.~Chekanov \etal},
  title =        {Multi-jet cross-sections in charged current $e^{\pm}p$ scattering at {HERA}},
  journal =      PR,
  year =         {2008},
  volume =       {D~78},
  pages =        {032004},
  doi =          {10.1103/PhysRevD.78.032004},
  eprint =       {0802.3955},
  checked =      {1}
}
